2949 5023
340 357 885 426 coruncano.
916 353 1331 426 “arcessu-
1378 359 1481 408 ιι·
1527 358 1739 408 nono
1783 359 2164 410 vmvnns.
2238 356 2392 436 515

268 520 721 624 ‘tionibusque
747 520 1093 608 veritatem
1121 511 1560 606 stabiliuerint,
1578 521 1975 618 erroresque
1997 519 2382 616 refellerint,

283 629 406 719 qui
438 648 694 707 errores
724 647 850 720 per
883 622 1258 693 haereticos
1288 622 1682 718 irrepserint,
1702 615 1707 622 ⁴
1728 645 1763 691 a
1793 623 2039 721 quibus
2082 620 2380 696 fontibus

279 726 611 807 fluxerint,
659 722 1038 821 quibusque
1061 724 1474 817 argumentis
1502 723 1794 819 speciem
1824 725 2223 821 acceperint.
2296 728 2378 796 In
2427 737 2430 742 '

281 828 392 908 his
418 850 624 925 porro
668 823 1054 918 indagandis
1097 839 1167 897 et
1191 823 1668 918 congerendis,
1706 828 1914 896 vtitur
1940 821 2378 898 instrumento

282 933 623 1004 literarum
668 924 1155 1010 hebraicarum,
1207 948 1586 1018 graecarum
1632 941 1701 997 et
1744 926 2127 1012 latinarum,
2178 932 2410 999 etiam‘

266 1027 611 1114 historiae,
650 1033 806 1102 cum
848 1028 1201 1112 vniuersae,
1245 1042 1391 1099 tum
1439 1029 1639 1099 etiam
1683 1026 2193 1125 philosophicae,
2245 1024 2379 1098 line

272 1158 420 1231 qua
453 1129 763 1223 dogmata
791 1124 1145 1218 destorum
1179 1121 1504 1201 Ecclesiae
1547 1126 1734 1226 saepe
1759 1128 2042 1222 intelligi
2066 1146 2136 1202 et
2172 1129 2378 1228 expli-

268 1236 421 1330 ἱ(εει-ἱ
464 1255 604 1304 non
649 1226 929 1327 poss‘uut·
1038 1230 1495 1316 Acroamatica
1544 1244 1768 1303 autem
1822 1228 1954 1302 fiue
1982 1229 2381 1326 'dogmatica

196 1367 200 1374 ·
284 1333 675 1426 Theologia
699 1356 826 1414 res,
872 1352 994 1428 per
1019 1326 1221 1404 libros
1248 1327 1459 1400 sacros
1490 1327 1723 1424 sparsas
1753 1356 1831 1414 ac
1859 1328 2209 1431 diffipatas,
2250 1334 2382 1431 pri·

284 1461 481 1526 mum
505 1436 586 1507 ad
615 1447 793 1503 certa
817 1432 1028 1526 capita
1054 1445 1443 1522 congregat,
1491 1427 1727 1500 deinde
1755 1431 2082 1507 subtiliter
2129 1459 2207 1506 ac
2236 1458 2383 1532 per·
2471 1493 2480 1498 e

288 1538 515 1634 spicue
541 1531 791 1614 definit,
839 1535 1221 1609 varietatem
1250 1531 1608 1602 verborum
1635 1530 2061 1629 (synonyma)
2086 1534 2164 1607 ad
2195 1532 2382 1628 ligui-

287 1636 622 1711 ficationis
665 1636 982 1706 vnitatem
1025 1647 1331 1718 reuocat,
1377 1630 1684 1726 ambigua
1722 1628 2088 1725 distinguit,
2142 1660 2383 1730 genera
2497 1677 2502 1682 -
2635 1671 2641 1678 -

290 1742 362 1812 in
393 1737 535 1809 suas
565 1751 784 1834 partes
809 1731 1060 1820 tribuit,
1110 1735 1448 1806 veritatem
1476 1759 1701 1806 rerum
1734 1734 1995 1807 idoneis
2028 1760 2380 1827 argumen-

284 1844 378 1914 tis
416 1833 841 1921 demonstrat,
886 1832 1045 1934 quid
1085 1860 1164 1906 ex
1204 1859 1481 1935 quoque
1521 1835 1980 1935 consequatur,
2033 1832 2383 1932 quomodo

288 1965 593 2041 quaeque
618 1953 769 2037 apta
794 1940 976 2028 inter
1003 1936 1067 2007 se
1096 1935 1219 2008 sint
1244 1962 1323 2007 ac
1350 1962 1532 2022 nexa,
1587 1929 1887 2025 ostendit,
1936 1935 2387 2009 dubitationes

288 2044 741 2139 vndecunque
770 2055 947 2114 ortas
975 2039 1173 2121 tollit,
1213 2039 1502 2138 denique
1534 2064 1790 2111 errores
1816 2057 1886 2112 et
1913 2037 2096 2112 falsas
2127 2042 2389 2136 opinio·

291 2172 413 2218 nes
445 2161 636 2224 acute
680 2158 751 2214 et
795 2157 1097 2233 accurate
1126 2138 1393 2222 refellit.
1495 2147 1630 2211 lam
1673 2145 1787 2238 qui
1819 2143 2013 2224 illam,
2058 2166 2258 2240 quam
2287 2140 2388 2212 hi·

290 2246 595 2329 storicam
635 2241 940 2328 diximus,
990 2242 1459 2335 Theologiam,
1496 2269 1574 2315 er
1605 2239 1735 2313 istis
1774 2242 2092 2340 fontibus,
2132 2269 2258 2341 per
2293 2267 2390 2327 ea,

272 2372 467 2448 ¹quim
502 2347 805 2436 diximuS,
846 2340 1273 2416 instrumenta
1314 2340 1611 2434 dustam,
1659 2348 1857 2417 etiam
1899 2345 2226 2430 virorum,
2270 2345 2389 2442 qui
2505 2375 2522 2382 -

294 2455 371 2537 in
397 2475 481 2539 eo
509 2470 758 2542 genere
788 2443 1214 2525 elaborarunt
1241 2444 1549 2531 feliciter,
1598 2449 1713 2543 qui
1762 2446 1911 2519 sunt
1936 2445 2126 2518 multi
2155 2461 2226 2517 et
2253 2468 2390 2516 ma·

152 2580 159 2589 ²
297 2557 434 2647 gni,
481 2548 1057 2623 obseruationibus
1097 2575 1173 2620 ac
1215 2547 1769 2645 disputationibus
1816 2562 2113 2621 ornatam
2145 2563 2215 2618 et
2240 2546 2388 2618 illu·

295 2652 595 2732 stratam,
660 2666 921 2736 teneat,
990 2649 1049 2719 is
1097 2653 1256 2747 quin
1318 2650 1833 2745 pulcherrimam
1883 2648 2220 2720 scientiam
2273 2644 2392 2720 fibi

297 2753 807 2851 comparauerit,
835 2749 1044 2849 sitque
1074 2755 1142 2821 in
1174 2753 1431 2841 magnis
1460 2753 1613 2822 viris
1642 2775 1720 2827 ac
1746 2751 2126 2842 Theologis
2153 2775 2390 2823 nume-

298 2850 576 2941 randus,
622 2852 920 2925 dubitare
963 2877 1039 2923 ac
1084 2876 1331 2947 negare
1364 2848 1673 2950 profeEio
1721 2866 1921 2929 nemo
1955 2849 2224 3026 Kotest,
2272 2848 2391 2924 nili

297 2962 417 3057 qui
449 2958 512 3027 se
541 2958 630 3026 ita
675 2948 950 3048 angusto
999 2956 1267 3046 ingenio
1298 2967 1369 3022 et
1404 2949 1688 3026 obscuro
1718 2953 1878 3026 velit
1908 2978 1950 3024 o
2009 2950 2270 3041 endere,
2319 2967 2393 3025 vt

284 3061 475 3145 ,illius
502 3072 742 3140 tantae,
790 3072 927 3127 tam
962 3054 1276 3141 eruditae,
1328 3071 1462 3128 tam
1492 3055 1811 3152 copiosae,
1856 3072 1993 3127 tam
2024 3056 2392 3128 multarum

295 3164 542 3243 nrtium
572 3160 897 3241 comitatu
927 3153 1364 3239 circumfusae
1392 3156 1695 3244 scientiae
1721 3156 2143 3257 splendorem
2184 3154 2394 3255 adspi-

296 3276 542 3349 oereet
569 3284 808 3357 capere
837 3283 975 3333 non
1003 3256 1223 3356 possit.
1323 3260 1710 3341 Enimuero,
1762 3258 1880 3333 nili
1910 3260 1990 3332 ad
2023 3261 2217 3330 huius
2247 3274 2395 3330 tam

259 3455 267 3461 ι
297 3364 665 3466 praeclaras
706 3363 932 3460 copias
976 3357 1249 3432 accedat
1287 3360 1557 3434 alterius
1600 3359 1935 3448 subtilitas,
1976 3357 2262 3452 existunt
2303 3356 2399 3430 fa-

284 3468 443 3555 cile,
480 3468 694 3538 etiam
729 3464 799 3534 in
840 3464 1094 3557 maguis
1132 3463 1437 3557 ingeniis,
1484 3461 1914 3539 incommoda
1939 3476 2009 3533 et
2036 3462 2195 3535 vitia
2226 3461 2398 3535 mul·

284 3581 370 3639 ‚ta
390 3582 474 3643 ,et
492 3589 749 3658 magna.
1695 3636 1698 3641 .
2259 3644 2264 3651 ,
2357 3628 2372 3643 .

446 3674 673 3764 Atque
702 3682 775 3737 vt
797 3667 1077 3755 mittam,
1111 3667 1179 3737 in
1207 3666 1312 3737 illa
1336 3689 1564 3738 rerum
1594 3664 1896 3764 quamuis
1925 3656 2250 3737 bonarum
2283 3688 2397 3737 co·

301 3772 415 3869 pia
443 3790 580 3837 non
612 3761 754 3845 effe,
783 3791 951 3863 quae
973 3768 1249 3864 proprie
1277 3768 1342 3835 in
1371 3765 1611 3837 scholis
1638 3780 1835 3864 atque
1863 3766 1934 3835 in
1962 3778 2099 3836 arte
2138 3765 2400 3851 dicitur,
2459 3788 2472 3799 “

301 3888 377 3945 et.
418 3863 544 3939 effe
596 3871 663 3951 in
692 3866 1062 3959 Theologo
1096 3866 1314 3951 debet,
1358 3864 1728 3941 scientiam:
1774 3870 2134 3961 maximum
2166 3883 2233 3941 et
2266 3868 2402 3964 pri·

303 3996 492 4046 mum
524 3970 758 4039 vitium
789 3969 963 4039 illius
989 3971 1265 4043 rationis
1299 3963 1389 4041 est
1418 3970 1570 4056 hoc,
1594 3966 1805 4065 ⁸quod
1834 3969 2144 4039 notiones
2173 3989 2405 4040 rerum

304 4074 495 4152 facile
524 4070 787 4170 suscipit
811 4092 1051 4169 patum
1077 4071 1183 4145 vel
1209 4070 1460 4244 plaiae,
1510 4070 1615 4147 vel
1644 4069 2201 4170 circumscriptas:
2236 4093 2404 4173 quae

1266 4174 1326 4244 K
1446 4198 1488 4248 2
1866 4187 1875 4193 ·
1911 4184 1916 4185 ἢ
2265 4192 2408 4246 mu
