2949 5023
564 404 662 476 αδ
1426 396 1776 466 'Ana-1

719 591 822 657 Ac
852 586 1138 682 primum
1160 572 1519 650 'occinitur
1564 574 1759 648 hobis
1805 568 2192 669 μεταβολῆς
2216 571 2256 643 s.
2285 585 2658 645 transmuta-
2695 564 2714 577 κ

570 694 857 771 tationis,
921 686 1430 782 conuerfionisque
1460 676 1769 763 verbum,
1828 696 1901 749 vt
1935 677 2108 749 haud
2143 675 2416 748 dubium
2461 702 2657 771 perg-

569 786 863 868 σίώσεως
892 782 1368 857 olim.creditae
1406 797 1913 873 argumentum:
1979 777 2087 851 sed
2130 781 2262 863 ita„
2310 784 2398 849 π’
2426 777 2504 848 ad
2550 777 2660 847 fir‘-

567 891 882 965 mnndum
917 885 1079 955 nihil
1110 882 1224 953 nisi
1244 882 1438 952 verba
1457 882 1586 977 ipsa
1604 883 2025 980 proferantur
2053 902 2285 971 graeca
2311 880 2428 951 aut
2445 882 2659 955 latina.

566 996 929 1081 Enimuero
965 984 1161 1057 verba
1206 987 1372 1055 haec
1408 984 1812 1079 frequentari
1841 989 1908 1053 in
1953 985 2066 1053 illa
2105 1007 2179 1052 re
2221 1008 2259 1052 a
2306 981 2662 1070 vetet-ihm,

560 1095 639 1168 id
670 1090 933 1190 quidem
964 1088 1208 1157 nullam
1243 1085 1728 1156 dubitationem
1759 1084 1993 1156 habet:
2057 1109 2195 1181 quo
2233 1084 2417 1155 sensu
2448 1081 2664 1154 dican-

564 1213 711 1275 tur,
778 1191 844 1259 id
876 1208 1034 1259 vero
1065 1184 1344 1259 dubitari
1390 1188 1569 1259 solet.
1659 1188 1817 1257 ‘Iam
1853 1212 2004 1257 cum
2036 1186 2236 1257 toties
2267 1183 2667 1260 demonstra-

560 1304 716 1369 'tum
748 1289 826 1364 sit
869 1291 948 1364 ab
980 1292 1353 1373 Albertin0‚
1416 1290 1717 1375 Claudio3
1772 1286 2097 1361 Blandello
2138 1305 2207 1358 et
2234 1288 2400 1376 aliis,
2469 1316 2503 1360 a
2561 1311 2681 1363 τῖ’

569 1424 741 1496 que,
807 1423 945 1466 vin
1008 1420 1536 1475 venem-nnn,
1602 1392 1921 1487 exemplis
1962 1388 2352 1486 perspicuis,
2411 1417 2488 1461 ex
2531 1418 2669 1465 vno

568 1500 839 1573 Aeliano
871 1492 1204 1592 pluribus,
1265 1518 1465 1588 quam
1509 1494 1638 1564 late
1686 1510 1903 1589 pateat
1946 1486 2333 1585 μεταβολῆς
2358 1490 2672 1589 potestas',

560 1618 641 1670 ‘et
662 1625 853 1696 quam
870 1598 1075 1693 ‘saepe
1094 1595 1622 1690 qualemcunque
1643 1598 2081 1665 nouationem
2112 1591 2430 1684 significet
2451 1620 2466 1664 ε
2513 1598 2672 1686 legi·

560 1704 734 1774 tima
763 1696 1133 1796 disputandi
1162 1710 1232 1765 et
1262 1695 1457 1785 digna
1485 1696 1600 1766 tali
1627 1699 1769 1765 viro
1800 1698 1974 1765 ratio
2005 1692 2397 1792 postulabat,
2423 1711 2515 1765 vt
2542 1693 2671 1768 istis

560 1805 739 1876 'locis
774 1800 1015 1895 aliquid
1044 1793 1246 1868 ineffe
1278 1794 1657 1866 ostenderet
1684 1800 1976 1893 amplius,
2030 1793 2669 1896 demonstraretque,

554 1909 643 1977 ‘ni
674 1899 1058 1974 substantiae
1084 1896 1280 1995 iplius
1313 1895 1661 1970 conuerfio
1695 1899 2209 1990 intelligeretur,
2243 1898 2501 1970 nullum
2532 1901 2674 1972 sen-

558 2008 714 2079 ‘sum
759 1999 1189 2072 commodum
1247 1999 1926 2071 aut'consentaneum
1988 1995 2325 2070 doetrinae
2383 1999 2680 2072 Christia-

572 2133 727 2190 nae,
778 2104 885 2176 sed
916 2101 1225 2182 frigidum
1256 2118 1328 2171 et
1369 2105 1673 2197 ineptum
1703 2104 2003 2195 relinqui.
2066 2099 2196 2171 Sed
2227 2103 2392 2172 nihil
2428 2102 2677 2175 horum

572 2210 664 2280 illi
697 2211 764 2276 in
807 2220 1101 2274 mentem
1154 2206 1336 2273 venit
1363 2202 1641 2271 docere:
1708 2202 1820 2271 nifi
1864 2202 2000 2271 hoc
2048 2197 2141 2270 est
2183 2199 2458 2290 docere,
2516 2229 2676 2276 cum

558 2324 809 2399 ¹negat,
869 2311 936 2377 in
968 2310 1049 2375 iis
1077 2301 1203 2373 ess‘e
1230 2329 1525 2381 amorem
1558 2305 1878 2385 veritatis‘,
1955 2319 2070 2372 aut
2100 2304 2393 2375 animum
2426 2334 2458 2376 a
2493 2333 2681 2406 prae·

572 2410 871 2483 iudicatis
925 2404 1350 2503 opinionibus
1406 2404 1727 2483 liberum,
1809 2405 1925 2497 qui
1971 2429 2109 2473 non
2153 2403 2419 2491 videant
2466 2427 2677 2479 trans-
2767 2496 2772 2501 ,

573 2508 1195 2585 substantiationem,
1224 2532 1392 2602 quae
1422 2507 1493 2576 in
1525 2503 1652 2576 istis
1675 2503 1887 2575 verbis
1918 2521 2050 2575 tam
2070 2506 2415 2603 perspicue
2446 2509 2681 2584 luceat.

571 2617 936 2688 Enimuero
977 2606 1186 2684 sihoc
1215 2606 1305 2676 est
1349 2602 1547 2676 dubia
1589 2604 1668 2676 'ab
1699 2605 2125 2697 ambiguitate
2169 2610 2678 2706 interpretando

572 2715 885 2795 liberare,
957 2712 1103 2804 quis
1152 2702 1244 2775 est
1293 2724 1431 2777 tam
1473 2705 1661 2778 rudis
1704 2710 2006 2778 omnium
2054 2708 2425 2798 literarum,
2506 2716 2679 2808 quin

575 2817 807 2888 omnia
837 2813 1159 2906 explicare
1203 2803 1425 2905 possit,
1487 2811 1648 2906 quin
1688 2836 1725 2879 e
1756 2801 2162 2907 quibuslibet
2193 2809 2407 2882 verbis
2440 2813 2684 2908 quidli-

574 2915 696 2988 bet
744 2929 962 2992 eruat,
1051 2934 1207 2978 cum
1267 2919 1625 3002 negantem
1689 2928 1756 2982 et
1822 2909 2235 3006 dubitantem
2307 2915 2683 3010 quemlibet

575 3018 846 3117 potenti
880 3013 988 3082 illa
1031 3009 1638 3100 demonstratione,
1701 3039 1908 3085 coecus
1919 3015 2045 3110 stt,
2144 3020 2207 3086 ui
2251 3020 2459 3089 videre
2505 3023 2685 3106 nolit,

578 3123 691 3192 hoc
721 3125 781 3189 in
812 3119 1017 3194 verbis
1042 3110 1171 3206 istis
1196 3114 1323 3207 ff,
1373 3109 1588 3182 statim
1620 3138 1933 3186 coercere
1962 3139 2052 3210 po
2105 3131 2173 3184 lt.
2272 3116 2399 3187 Sed
2415 3119 2685 3238 quando

578 3221 696 3290 ine
741 3218 955 3287 noluit
1000 3238 1124 3283 nos
1171 3213 1282 3283 hic
1323 3210 1617 3284 doctrina
1678 3215 1781 3285 sua
1824 3217 2204 3311 impertire,
2283 3221 2484 3292 nimis
2532 3226 2685 3298 alias

579 3320 872 3395 liberalis
917 3340 992 3386 ac
1037 3338 1254 3412 prope
1302 3313 1518 3385 dicam
1561 3316 1868 3412 profusus
1911 3320 1983 3387 in
2034 3341 2115 3387 eo
2160 3340 2440 3410 genere:
2517 3323 2690 3399 adeo
2751 3361 2754 3368 ·

581 3423 816 3498 multis
883 3435 952 3486 et
998 3420 1254 3506 magnis
1297 3416 1744 3488 voluminibus
1781 3444 1948 3489 rem
2010 3419 2345 3491 literarum
2413 3407 2698 3501 obruit(

560 3524 816 3603 mobis,
858 3515 1171 3589 modestis
1203 3537 1271 3589 et
1307 3519 1555 3589 timidis
1591 3519 1990 3600 hominibm,
2038 3522 2153 3616 qui
2186 3547 2324 3591 non
2360 3527 2684 3601 audemus

560 3628 677 3697 ‘ita
706 3647 831 3719 pro
859 3622 1139 3712 imperio
1174 3625 1623 3716 pronunciare
1666 3637 1871 3719 atque
1916 3622 2170 3692 edicere
2212 3621 2295 3692 de
2329 3625 2512 3700 sensu
2544 3656 2686 3702 ver-

583 3725 863 3803 borum,
912 3719 1132 3796 nobis,
1179 3726 1484 3819 inquam,
1515 3722 1896 3794 docendum
1930 3720 2050 3808 est,
2083 3728 2442 3796 Romanam
2480 3733 2685 3802 inter·

585 3826 1037 3927 pretationem
1090 3819 1166 3891 ab
1209 3822 1423 3894 verbis
1474 3825 1599 3896 illis
1637 3828 1984 3916 Liturgicis
2034 3822 2164 3894 esse
2204 3825 2688 3907 alienissimam:

588 3953 762 4025 quae
805 3920 1045 3992 deinde
1088 3925 1282 3994 etiam
1334 3923 1414 3994 ad
1460 3927 1606 3997 loca
1651 3923 2246 3998 Ecclessasticorum
2287 3930 2687 4036 scriptorum

594 4049 993 4125 graecorum
1030 4025 1529 4128 latinorumque
1570 4027 1794 4103 licebit
1820 4028 2140 4102 conferre.
2351 4053 2356 4060 ’

2483 4237 2693 4342 Apud
