2949 5023
688 364 776 412 nr
845 362 1290 414 namorome
1351 367 1991 417 cottana-vunan
2241 360 2383 432 281

292 521 485 596 eultu
524 518 1096 610 adumbrationem
1141 526 1351 600 futuri
1389 524 1692 614 Meffine,
1753 545 1823 602 et
1848 552 2075 602 rerum
2113 526 2194 602 ab
2243 528 2390 630 ipso

290 624 821 722 peragendarum
855 626 1067 717 fuisse,
1134 631 1453 711 Hebr.X,
1499 655 1554 700 ι.
1604 655 1802 727 quam
1852 632 2080 704 locum
2111 656 2249 705 non
2284 632 2391 703 ha·

292 722 502 814 buiffe
529 725 676 825 post
703 749 1049 808 euentum.
1167 738 1383 815 Nam,
1430 745 1501 804 vt
1529 737 1868 806 mittamus
1899 732 2001 817 id,
2056 732 2240 831 quod
2272 731 2391 805 sta·

289 829 409 900 tim
442 846 749 902 occurrat
776 836 1052 927 cuique,
1115 832 1183 903 id
1211 835 1430 904 valere
1470 833 1679 928 modo
1705 834 1787 906 ad
1814 834 2253 910 necessitatem
2278 834 2391 908 ab·

186 989 194 1006 .
287 928 699 1012 ,οΙεηόοι-υπι
738 956 1008 1019 eorum,
1079 936 1148 1005 in
1179 934 1423 1031 quibus
1468 933 1631 1007 esset
1670 938 1811 1009 talis
1853 936 2268 1011 adumbratio
2319 950 2392 1008 et

287 1030 867 1131 praesignificatio,
929 1060 1127 1132 quam
1171 1059 1312 1107 non
1357 1035 1671 1109 omnibus
1721 1035 2027 1112 institutis
2056 1041 2395 1124 Leuiticis,

291 1159 385 1206 ne
415 1132 737 1226 sacrificiis
774 1137 1078 1235 quidem,
1130 1157 1569 1216 communem
1610 1137 1793 1212 fuisse
1840 1142 1907 1211 in
1952 1157 2232 1239 promtu
2276 1137 2395 1223 est,
2442 1225 2461 1244 l

289 1234 419 1329 (cf.
467 1235 645 1334 Disp.
675 1242 755 1307 11.
796 1239 857 1333 §.
911 1245 1066 1332 38.)
1130 1238 1288 1335 quid
1329 1240 1768 1336 impediebat,
1847 1266 1983 1338 quo
2029 1245 2251 1314 minus
2295 1243 2393 1328 iis,

293 1362 466 1434 quae
514 1355 797 1438 propter
844 1343 1448 1420 commutationem
1491 1366 1755 1427 rerum,
1824 1343 2297 1418 commutanda
2325 1358 2396 1413 et

291 1438 429 1537 ipsa
470 1456 688 1525 erant,
760 1441 881 1515 alia
925 1443 1386 1525 succederent,
1462 1444 1964 1515 accommodata
2016 1442 2094 1515 ad
2142 1469 2398 1517 nouam

291 1556 685 1637 temporum
713 1546 1079 1628 rationem3
1135 1542 1519 1642 praesertim
1560 1569 1714 1616 cum
1763 1548 1828 1615 in
1882 1543 2128 1618 iis-esse
2169 1543 2402 1648 posset,

295 1658 371 1716 vt
400 1637 484 1710 de
514 1643 828 1716 Leuiticis
856 1643 1480 1727 demonstrabimus,
1543 1647 1714 1717 vtilis
1756 1644 2087 1744 disciplina
2128 1646 2282 1718 fidei
2328 1663 2398 1718 et

298 1739 553 1816 officii?
659 1751 843 1816 Nam
871 1747 1035 1821 illud
1061 1746 1328 1843 quidem
1362 1747 1489 1820 dici
1527 1774 1663 1818 non
1695 1744 1949 1846 potest,
1990 1748 2174 1843 quod
2202 1750 2400 1822 alicui

296 1846 367 1916 in
399 1861 698 1917 mentem
729 1850 982 1932 veniat,
1044 1847 1126 1919 ab
1161 1851 1268 1920 ilia
1300 1853 1584 1930 Leuitici
1618 1854 1784 1922 ritus
1812 1847 2248 1940 abrogatione
2276 1852 2402 1922 ho·

294 1946 590 2018 minibus
620 1950 843 2044 minue
869 1973 1044 2046 opus
1071 1947 1198 2023 esse
1229 1948 1548 2023 institutis
1579 1953 1797 2026 bonae
1812 1950 2206 2050 disciplinae.
2245 1958 2400 2022 Nee

202 2053 208 2066 '
297 2074 375 2120 ea
416 2044 712 2122 instituta
753 2048 1149 2147 impeditura
1205 2069 1396 2126 erant
1439 2052 1785 2125 confilium
1840 2053 2136 2126 diuinum
2177 2055 2403 2126 conci·

295 2149 558 2222 liandae
585 2153 846 2245 generis
881 2153 1155 2224 humani
1185 2152 1616 2240 concordiae,
1668 2171 1739 2226 et
1769 2152 2102 2227 tollendae
2131 2156 2403 2226 inimici·

297 2257 428 2324 tiae
458 2279 536 2321 ex
567 2253 807 2327 ritibus
837 2256 1175 2340 Mosaicis,
1215 2259 1382 2350 Eph.
1415 2260 1522 2338 II,
1567 2280 1672 2347 15.
1733 2257 1863 2329 Col.
1893 2260 1994 2342 II,
2035 2279 2144 2339 14.
2213 2259 2400 2327 Nam

298 2378 484 2446 noua
515 2371 583 2425 et
615 2355 929 2442 omnibus
967 2363 1383 2440 communia,
1444 2373 1515 2428 et
1558 2376 1919 2455 propterea
1966 2353 2168 2429 libera
2212 2374 2405 2430 erant

299 2454 381 2529 ab
413 2453 600 2528 omni
630 2451 752 2529 tali'
770 2456 1013 2529 inuidia
1043 2458 1288 2547 futura,
1316 2459 1578 2559 qualem
1605 2459 1900 2557 Mosaica
1925 2454 2091 2532 ratio
2109 2514 2127 2547 ,
2174 2483 2401 2558 quam·

302 2583 504 2656 quam
534 2560 725 2631 nullo
759 2562 917 2631 vitio
955 2560 1101 2643 suo,
1146 2563 1553 2634 incenderat.

444 2686 558 2754 9²·
601 2669 706 2732 Ac
727 2659 990 2733 fortasse
1022 2668 1351 2761 optimum
1386 2664 1622 2746 suerit,
1685 2665 1754 2734 in
1780 2665 1904 2735 hac
1945 2686 2019 2733 re
2063 2663 2288 2761 potius
2342 2659 2407 2730 se

300 2760 553 2834 referre
580 2762 659 2833 ad
688 2762 885 2835 illud:
942 2770 1082 2861 quis
1125 2781 1381 2837 mentem
1421 2780 1486 2836 et
1518 2766 1825 2862 confilium
1853 2767 1990 2837 Dei
2011 2762 2409 2860 affiquitur?

300 2866 485 2937 Rom.
514 2867 647 2949 XI,
686 2888 795 2952 34.
860 2891 1063 2961 quam
1110 2869 1397 2937 incertas
1428 2862 1846 2937 coniesturas
1873 2879 2153 2936 tentare.
2276 2862 2407 2933 Sed

305 2964 532 3037 nescio
548 2964 899 3062 quomodo
926 2971 1186 3039 aninms
1218 2964 1440 3039 noster
1467 2967 1723 3064 semper
1757 2967 2095 3038 inclinauit
2124 2964 2206 3036 ad
2233 2965 2409 3037 hanc
2532 3022 2537 3029 .

301 3084 599 3166 partem,
650 3082 725 3138 vt
750 3085 1138 3166 putaremus
1158 3124 1173 3154 ,
1225 3070 1399 3141 hane
1422 3071 1748 3141 rationem
1780 3065 1966 3140 fuisse
1990 3066 2074 3140 ad
2105 3069 2211 3139 illa
2238 3083 2410 3137 tem·

356 3195 501 3257 ora,
563 3183 634 3241 et
661 3169 1006 3243 consilium
1038 3172 1342 3244 diuinum
1367 3170 1967 3245 eommunicandae
2016 3195 2167 3242 cum
2199 3170 2412 3241 omni·

298 3193 425 3349 gua
469 3270 779 3365 gentibus
819 3272 1038 3346 salutis
1092 3298 1216 3372 per
1259 3270 1592 3346 Christum
1644 3288 1870 3369 partae
1923 3296 1999 3342 ac
2036 3265 2414 3368 propositae

298 3371 1045 3467 accommodatissimam
1073 3427 1092 3462 ,
1168 3389 1369 3474 atque
1426 3375 1598 3446 hane
1647 3374 1736 3445 ob
1777 3369 2055 3444 caussam
2098 3372 2413 3464 sapientia

305 3474 527 3549 diuina
558 3473 1010 3570 digniffimam.
1122 3481 1201 3548 ln
1238 3473 1556 3576 operibus
1589 3476 1944 3573 sapientiae
1976 3470 2247 3542 diuinae
2280 3472 2413 3543 hoe
2488 3486 2497 3503 '¹

305 3574 399 3646 est
430 3602 571 3649 non
616 3604 934 3676 paruum,
1009 3575 1191 3679 quod
1236 3602 1522 3673 regnum
1568 3579 1822 3669 gratiae
1862 3578 1955 3646 ita
1994 3597 2148 3645 cum
2196 3598 2413 3667 regno

305 3693 586 3750 naturae
612 3683 1000 3778 copulatur,
1061 3694 1134 3752 vt
1163 3680 1444 3755 alterum
1479 3678 1555 3749 sit
1576 3694 1814 3775 aptum
1841 3675 2047 3750 alteri.
2163 3680 2240 3747 In
2272 3701 2414 3773 quo

307 3779 461 3851 sunt
491 3784 719 3854 omnia
750 3780 950 3875 digna
981 3787 1153 3863 Deo,
1199 3785 1546 3878 vtriusque
1573 3774 1863 3852 austore.
1958 3784 2034 3849 In
2061 3803 2272 3871 regno
2305 3803 2416 3848 na-

307 3898 499 3953 turae
528 3882 720 3978 saepe
759 3886 852 3955 ita
889 3909 996 3955 res
1041 3883 1375 3975 gubernat
1423 3880 1847 3979 prouidentia
1877 3878 2129 3966 diuina,
2188 3898 2259 3949 vt
2307 3875 2419 3947 ad·

305 3985 439 4057 itus
491 3998 562 4056 et
590 3988 989 4082 propagatio
1016 3987 1210 4077 regni
1242 3987 1516 4085 alterius
1546 3979 1657 4053 fiat
1696 3982 1981 4066 facilior,
2039 3982 2418 4075 seruiatque

309 4106 547 4159 natura
574 4087 842 4181 gratiae.
950 4092 1028 4158 ln
1070 4110 1288 4182 regno
1318 4083 1585 4159 vicissim
1610 4087 1865 4180 gratiae
1907 4086 1996 4156 ita
2020 4087 2202 4156 Deus
2248 4095 2416 4151 tem·

953 4196 958 4199 ⁴
1356 4194 1400 4262 S
1456 4213 1493 4276 5
2220 4199 2419 4285 perat
