<?xml version="1.0" encoding="UTF-8"?>
<!DOCTYPE html PUBLIC "-//W3C//DTD XHTML 1.0 Transitional//EN"
    "http://www.w3.org/TR/xhtml1/DTD/xhtml1-transitional.dtd">
<html xmlns="http://www.w3.org/1999/xhtml" xml:lang="en" lang="en">
 <head>
  <title>
</title>
<meta http-equiv="Content-Type" content="text/html;charset=utf-8" />
  <meta name='ocr-system' content='tesseract 3.04.00' />
  <meta name='ocr-capabilities' content='ocr_page ocr_carea ocr_par ocr_line ocrx_word'/>
</head>
<body>
  <div class='ocr_page' id='page_1' title='image "./ioaugernestiopu00ernegoog_0637.png"; bbox 0 0 2949 5023; ppageno 0'>
   <div class='ocr_carea' id='block_1_1' title="bbox 271 416 2358 529">
    <p class='ocr_par' dir='ltr' id='par_1_1' title="bbox 271 416 2358 529">
     <span class='ocr_line' id='line_1_1' title="bbox 271 416 2358 529; baseline 0.003 -32"><span class='ocrx_word' id='word_1_1' title='bbox 271 486 282 497; x_wconf 79' lang='lat'>.</span> <span class='ocrx_word' id='word_1_2' title='bbox 315 450 469 511; x_wconf 74' lang='lat' dir='ltr'>va</span> <span class='ocrx_word' id='word_1_3' title='bbox 509 448 710 496; x_wconf 76' lang='lat' dir='ltr'>nvs</span> <span class='ocrx_word' id='word_1_4' title='bbox 748 449 1069 499; x_wconf 71' lang='lat' dir='ltr'>eoem-r.</span> <span class='ocrx_word' id='word_1_5' title='bbox 1103 450 1286 529; x_wconf 58' lang='lat' dir='ltr'>nti-r.</span> <span class='ocrx_word' id='word_1_6' title='bbox 1320 447 1517 499; x_wconf 66' lang='lat' dir='ltr'>nvn.</span> <span class='ocrx_word' id='word_1_7' title='bbox 1548 416 1872 515; x_wconf 15' lang='lat' dir='ltr'>desani-r.</span> <span class='ocrx_word' id='word_1_8' title='bbox 1901 450 2137 503; x_wconf 61' lang='lat' dir='ltr'>zvar.</span> <span class='ocrx_word' id='word_1_9' title='bbox 2214 432 2358 506; x_wconf 85' lang='lat'>621</span> 
     </span>
    </p>
   </div>
   <div class='ocr_carea' id='block_1_2' title="bbox 111 603 2443 4340">
    <p class='ocr_par' dir='ltr' id='par_1_2' title="bbox 111 590 2443 4340">
     <span class='ocr_line' id='line_1_2' title="bbox 219 603 2368 709; baseline 0.002 -28"><span class='ocrx_word' id='word_1_10' title='bbox 219 622 373 682; x_wconf 73' lang='lat' dir='ltr'>tate</span> <span class='ocrx_word' id='word_1_11' title='bbox 402 624 481 681; x_wconf 88' lang='lat' dir='ltr'>et</span> <span class='ocrx_word' id='word_1_12' title='bbox 513 611 728 709; x_wconf 88' lang='lat' dir='ltr'>copia</span> <span class='ocrx_word' id='word_1_13' title='bbox 760 603 1069 695; x_wconf 83' lang='lat' dir='ltr'>destituti,</span> <span class='ocrx_word' id='word_1_14' title='bbox 1113 608 1193 683; x_wconf 93' lang='lat' dir='ltr'>ad</span> <span class='ocrx_word' id='word_1_15' title='bbox 1223 605 1504 682; x_wconf 80' lang='lat' dir='ltr'>caussam</span> <span class='ocrx_word' id='word_1_16' title='bbox 1537 608 1944 693; x_wconf 69' lang='lat' dir='ltr'>accederent,</span> <span class='ocrx_word' id='word_1_17' title='bbox 1970 636 2216 709; x_wconf 79' lang='lat' dir='ltr'>=neque</span> <span class='ocrx_word' id='word_1_18' title='bbox 2242 610 2368 685; x_wconf 74' lang='lat' dir='ltr'>sus·</span> 
     </span>
     <span class='ocr_line' id='line_1_3' title="bbox 219 708 2363 809; baseline 0.001 -25"><span class='ocrx_word' id='word_1_19' title='bbox 219 730 521 807; x_wconf 70' lang='lat' dir='ltr'>ceptum</span> <span class='ocrx_word' id='word_1_20' title='bbox 557 738 745 785; x_wconf 87' lang='lat' dir='ltr'>onus</span> <span class='ocrx_word' id='word_1_21' title='bbox 774 708 1094 783; x_wconf 88' lang='lat' dir='ltr'>sustinere</span> <span class='ocrx_word' id='word_1_22' title='bbox 1116 709 1394 809; x_wconf 67' lang='lat' dir='ltr'>pnlsent,</span> <span class='ocrx_word' id='word_1_23' title='bbox 1440 711 1805 784; x_wconf 82' lang='lat' dir='ltr'>verendum</span> <span class='ocrx_word' id='word_1_24' title='bbox 1838 711 1987 800; x_wconf 79' lang='lat' dir='ltr'>ess‘e,</span> <span class='ocrx_word' id='word_1_25' title='bbox 2030 739 2117 787; x_wconf 87' lang='lat' dir='ltr'>ne</span> <span class='ocrx_word' id='word_1_26' title='bbox 2148 714 2363 787; x_wconf 79' lang='lat' dir='ltr'>bonae</span> 
     </span>
     <span class='ocr_line' id='line_1_4' title="bbox 216 811 2443 911; baseline 0.001 -25"><span class='ocrx_word' id='word_1_27' title='bbox 216 811 517 899; x_wconf 59' lang='lat' dir='ltr'>caussae,</span> <span class='ocrx_word' id='word_1_28' title='bbox 563 833 893 911; x_wconf 84' lang='lat' dir='ltr'>tanquam</span> <span class='ocrx_word' id='word_1_29' title='bbox 921 814 1069 885; x_wconf 84' lang='lat' dir='ltr'>m&#39;ali</span> <span class='ocrx_word' id='word_1_30' title='bbox 1098 812 1436 894; x_wconf 75' lang='lat' dir='ltr'>cauffidici,</span> <span class='ocrx_word' id='word_1_31' title='bbox 1491 830 1560 885; x_wconf 90' lang='lat' dir='ltr'>et</span> <span class='ocrx_word' id='word_1_32' title='bbox 1583 818 1762 886; x_wconf 84' lang='lat' dir='ltr'>rauci</span> <span class='ocrx_word' id='word_1_33' title='bbox 1790 812 1877 887; x_wconf 88' lang='lat' dir='ltr'>de</span> <span class='ocrx_word' id='word_1_34' title='bbox 1906 817 2043 887; x_wconf 81' lang='lat' dir='ltr'>fori·</span> <span class='ocrx_word' id='word_1_35' title='bbox 2059 816 2204 887; x_wconf 87' lang='lat' dir='ltr'>fece</span> <span class='ocrx_word' id='word_1_36' title='bbox 2233 818 2361 888; x_wconf 80' lang='lat' dir='ltr'>cla·</span> <span class='ocrx_word' id='word_1_37' title='bbox 2436 812 2443 817; x_wconf 40' lang='lat'><strong>⁴</strong></span> 
     </span>
     <span class='ocr_line' id='line_1_5' title="bbox 217 912 2361 1013; baseline 0 -24"><span class='ocrx_word' id='word_1_38' title='bbox 217 934 568 1005; x_wconf 69' lang='lat' dir='ltr'>matures,</span> <span class='ocrx_word' id='word_1_39' title='bbox 617 912 957 1001; x_wconf 80' lang='lat' dir='ltr'>obeffent,</span> <span class='ocrx_word' id='word_1_40' title='bbox 997 919 1345 1013; x_wconf 83' lang='lat' dir='ltr'>acutisque</span> <span class='ocrx_word' id='word_1_41' title='bbox 1389 914 1764 988; x_wconf 86' lang='lat' dir='ltr'>aduersariis</span> <span class='ocrx_word' id='word_1_42' title='bbox 1807 914 2015 988; x_wconf 79' lang='lat' dir='ltr'>cauffa</span> <span class='ocrx_word' id='word_1_43' title='bbox 2056 914 2361 992; x_wconf 73' lang='lat' dir='ltr'>cecidiil&#39;e</span> 
     </span>
     <span class='ocr_line' id='line_1_6' title="bbox 212 1015 2361 1117; baseline 0.001 -27"><span class='ocrx_word' id='word_1_44' title='bbox 212 1032 689 1117; x_wconf 76' lang='lat' dir='ltr'>putarentur:</span> <span class='ocrx_word' id='word_1_45' title='bbox 739 1044 818 1087; x_wconf 83' lang='lat' dir='ltr'>ex</span> <span class='ocrx_word' id='word_1_46' title='bbox 846 1041 987 1112; x_wconf 86' lang='lat' dir='ltr'>quo</span> <span class='ocrx_word' id='word_1_47' title='bbox 1017 1015 1180 1103; x_wconf 80' lang='lat' dir='ltr'>fieri,</span> <span class='ocrx_word' id='word_1_48' title='bbox 1224 1035 1318 1102; x_wconf 83' lang='lat' dir='ltr'>vt,</span> <span class='ocrx_word' id='word_1_49' title='bbox 1367 1042 1541 1114; x_wconf 87' lang='lat' dir='ltr'>quae</span> <span class='ocrx_word' id='word_1_50' title='bbox 1565 1042 1669 1088; x_wconf 83' lang='lat' dir='ltr'>res</span> <span class='ocrx_word' id='word_1_51' title='bbox 1703 1016 1783 1091; x_wconf 84' lang='lat' dir='ltr'>ad</span> <span class='ocrx_word' id='word_1_52' title='bbox 1808 1021 2213 1117; x_wconf 77' lang='lat' dir='ltr'>impietatem</span> <span class='ocrx_word' id='word_1_53' title='bbox 2246 1047 2361 1093; x_wconf 89' lang='lat' dir='ltr'>eo·</span> 
     </span>
     <span class='ocr_line' id='line_1_7' title="bbox 213 1114 2406 1217; baseline 0 -26"><span class='ocrx_word' id='word_1_54' title='bbox 213 1143 387 1191; x_wconf 80' lang='lat' dir='ltr'>rum</span> <span class='ocrx_word' id='word_1_55' title='bbox 421 1114 901 1190; x_wconf 77' lang='lat' dir='ltr'>debellandam</span> <span class='ocrx_word' id='word_1_56' title='bbox 945 1132 1322 1217; x_wconf 82' lang='lat' dir='ltr'>comparata</span> <span class='ocrx_word' id='word_1_57' title='bbox 1351 1115 1582 1199; x_wconf 72' lang='lat' dir='ltr'>fuisset,</span> <span class='ocrx_word' id='word_1_58' title='bbox 1636 1119 1801 1190; x_wconf 79' lang='lat' dir='ltr'>haec</span> <span class='ocrx_word' id='word_1_59' title='bbox 1829 1119 1907 1190; x_wconf 73' lang='lat' dir='ltr'>ad</span> <span class='ocrx_word' id='word_1_60' title='bbox 1941 1145 2082 1193; x_wconf 85' lang='lat' dir='ltr'>eam</span> <span class='ocrx_word' id='word_1_61' title='bbox 2117 1121 2361 1192; x_wconf 82' lang='lat' dir='ltr'>confir·</span> <span class='ocrx_word' id='word_1_62' title='bbox 2403 1207 2406 1211; x_wconf 73' lang='lat'><strong>.</strong></span> 
     </span>
     <span class='ocr_line' id='line_1_8' title="bbox 211 1218 2372 1297; baseline 0.001 -3"><span class='ocrx_word' id='word_1_63' title='bbox 211 1219 558 1294; x_wconf 81' lang='lat' dir='ltr'>mandam</span> <span class='ocrx_word' id='word_1_64' title='bbox 594 1237 1128 1290; x_wconf 87' lang='lat' dir='ltr'>conuerteretur.</span> <span class='ocrx_word' id='word_1_65' title='bbox 1231 1218 1362 1290; x_wconf 85' lang='lat' dir='ltr'>Sed</span> <span class='ocrx_word' id='word_1_66' title='bbox 1404 1218 1602 1290; x_wconf 85' lang='lat' dir='ltr'>babet</span> <span class='ocrx_word' id='word_1_67' title='bbox 1633 1218 1898 1293; x_wconf 75' lang='lat' dir='ltr'>fortasse</span> <span class='ocrx_word' id='word_1_68' title='bbox 1928 1226 2129 1296; x_wconf 80' lang='lat' dir='ltr'>etiam</span> <span class='ocrx_word' id='word_1_69' title='bbox 2157 1228 2226 1296; x_wconf 91' lang='lat' dir='ltr'>in</span> <span class='ocrx_word' id='word_1_70' title='bbox 2254 1224 2372 1297; x_wconf 74' lang='lat' dir='ltr'>hir</span> 
     </span>
     <span class='ocr_line' id='line_1_9' title="bbox 183 1316 1935 1422; baseline 0 -27"><span class='ocrx_word' id='word_1_71' title='bbox 183 1316 414 1422; x_wconf 59' lang='lat' dir='ltr'>*quasi</span> <span class='ocrx_word' id='word_1_72' title='bbox 450 1320 989 1393; x_wconf 81' lang='lat' dir='ltr'>Pha&#39;e’thontibus</span> <span class='ocrx_word' id='word_1_73' title='bbox 1030 1320 1256 1390; x_wconf 88' lang='lat' dir='ltr'>locum</span> <span class='ocrx_word' id='word_1_74' title='bbox 1288 1319 1446 1390; x_wconf 81' lang='lat' dir='ltr'>illud</span> <span class='ocrx_word' id='word_1_75' title='bbox 1483 1322 1935 1395; x_wconf 80' lang='lat' dir='ltr'>Graecorum:</span> 
     </span>
     <span class='ocr_line' id='line_1_10' title="bbox 498 1416 2345 1522; baseline 0.004 -29"><span class='ocrx_word' id='word_1_76' title='bbox 498 1416 841 1519; x_wconf 69' lang='grc' dir='ltr'><strong><em>μεγάλως</em></strong></span> <span class='ocrx_word' id='word_1_77' title='bbox 867 1418 1393 1507; x_wconf 62' lang='grc' dir='ltr'>ἀπολισθαίνειν,</span> <span class='ocrx_word' id='word_1_78' title='bbox 1444 1418 1789 1522; x_wconf 64' lang='grc' dir='ltr'>ἁμάρτημ’</span> <span class='ocrx_word' id='word_1_79' title='bbox 1818 1424 2081 1521; x_wconf 70' lang='grc' dir='ltr'>εὐγενές,</span> <span class='ocrx_word' id='word_1_80' title='bbox 2340 1476 2345 1483; x_wconf 92' lang='lat'>-</span> 
     </span>
     <span class='ocr_line' id='line_1_11' title="bbox 217 1518 2357 1619; baseline 0.001 -22"><span class='ocrx_word' id='word_1_81' title='bbox 217 1546 631 1619; x_wconf 87' lang='lat' dir='ltr'>eorumque</span> <span class='ocrx_word' id='word_1_82' title='bbox 685 1518 1058 1593; x_wconf 87' lang='lat' dir='ltr'>institutum</span> <span class='ocrx_word' id='word_1_83' title='bbox 1077 1527 1224 1606; x_wconf 81' lang='lat' dir='ltr'>Tu,</span> <span class='ocrx_word' id='word_1_84' title='bbox 1267 1523 1629 1617; x_wconf 81' lang='lat' dir='ltr'>aequiffimi</span> <span class='ocrx_word' id='word_1_85' title='bbox 1663 1528 1780 1593; x_wconf 85' lang='lat' dir='ltr'>Vir</span> <span class='ocrx_word' id='word_1_86' title='bbox 1809 1530 2027 1611; x_wconf 84' lang='lat' dir='ltr'>animi,</span> <span class='ocrx_word' id='word_1_87' title='bbox 2080 1554 2123 1599; x_wconf 90' lang='lat' dir='ltr'>e</span> <span class='ocrx_word' id='word_1_88' title='bbox 2148 1522 2357 1600; x_wconf 76' lang='lat' dir='ltr'>conli-</span> 
     </span>
     <span class='ocr_line' id='line_1_12' title="bbox 114 1620 1838 1724; baseline -0.001 -25"><span class='ocrx_word' id='word_1_89' title='bbox 114 1694 128 1714; x_wconf 33' lang='lat'><em>5</em></span> <span class='ocrx_word' id='word_1_90' title='bbox 218 1626 324 1699; x_wconf 87' lang='lat' dir='ltr'>lio</span> <span class='ocrx_word' id='word_1_91' title='bbox 359 1628 607 1715; x_wconf 75' lang='lat' dir='ltr'>magis,</span> <span class='ocrx_word' id='word_1_92' title='bbox 649 1648 846 1721; x_wconf 83' lang='lat' dir='ltr'>quam</span> <span class='ocrx_word' id='word_1_93' title='bbox 875 1638 1138 1706; x_wconf 89' lang='lat' dir='ltr'>euentu,</span> <span class='ocrx_word' id='word_1_94' title='bbox 1166 1620 1598 1722; x_wconf 66' lang='lat' dir='ltr'>speaandum</span> <span class='ocrx_word' id='word_1_95' title='bbox 1627 1640 1838 1724; x_wconf 79' lang='lat' dir='ltr'>putas.</span> 
     </span>
     <span class='ocr_line' id='line_1_13' title="bbox 111 1720 2358 1825; baseline 0 -26"><span class='ocrx_word' id='word_1_96' title='bbox 111 1720 140 1799; x_wconf 62' lang='grc' dir='ltr'><em>ἶ</em></span> <span class='ocrx_word' id='word_1_97' title='bbox 443 1731 711 1796; x_wconf 87' lang='lat' dir='ltr'>Verum</span> <span class='ocrx_word' id='word_1_98' title='bbox 743 1739 1094 1822; x_wconf 76' lang='lat' dir='ltr'>antequam</span> <span class='ocrx_word' id='word_1_99' title='bbox 1125 1729 1194 1796; x_wconf 90' lang='lat' dir='ltr'>in</span> <span class='ocrx_word' id='word_1_100' title='bbox 1227 1725 1427 1825; x_wconf 84' lang='lat' dir='ltr'>ipsam</span> <span class='ocrx_word' id='word_1_101' title='bbox 1460 1730 1668 1798; x_wconf 83' lang='lat' dir='ltr'>aciem</span> <span class='ocrx_word' id='word_1_102' title='bbox 1702 1729 1919 1798; x_wconf 81' lang='lat' dir='ltr'>veniat</span> <span class='ocrx_word' id='word_1_103' title='bbox 1949 1730 2180 1811; x_wconf 81' lang='lat' dir='ltr'>oratio,</span> <span class='ocrx_word' id='word_1_104' title='bbox 2234 1730 2358 1799; x_wconf 87' lang='lat' dir='ltr'>ser·</span> 
     </span>
     <span class='ocr_line' id='line_1_14' title="bbox 111 1827 2357 1923; baseline 0 -23"><span class='ocrx_word' id='word_1_105' title='bbox 111 1840 128 1854; x_wconf 73' lang='lat'><em>“</em></span> <span class='ocrx_word' id='word_1_106' title='bbox 217 1842 348 1899; x_wconf 81' lang='lat' dir='ltr'>vet</span> <span class='ocrx_word' id='word_1_107' title='bbox 377 1829 747 1899; x_wconf 87' lang='lat' dir='ltr'>militarem</span> <span class='ocrx_word' id='word_1_108' title='bbox 779 1851 1033 1897; x_wconf 87' lang='lat' dir='ltr'>morem</span> <span class='ocrx_word' id='word_1_109' title='bbox 1068 1829 1245 1899; x_wconf 89' lang='lat' dir='ltr'>lente</span> <span class='ocrx_word' id='word_1_110' title='bbox 1277 1827 1705 1917; x_wconf 83' lang='lat' dir='ltr'>ingrediendi,</span> <span class='ocrx_word' id='word_1_111' title='bbox 1736 1827 1914 1900; x_wconf 80' lang='lat' dir='ltr'>vt‘ab</span> <span class='ocrx_word' id='word_1_112' title='bbox 1945 1827 2085 1923; x_wconf 87' lang='lat' dir='ltr'>ipso</span> <span class='ocrx_word' id='word_1_113' title='bbox 2114 1830 2357 1918; x_wconf 74' lang='lat' dir='ltr'>ingres·</span> 
     </span>
     <span class='ocr_line' id='line_1_15' title="bbox 222 1923 2354 2026; baseline -0.001 -22"><span class='ocrx_word' id='word_1_114' title='bbox 222 1931 326 2016; x_wconf 87' lang='lat' dir='ltr'>su,</span> <span class='ocrx_word' id='word_1_115' title='bbox 376 1947 454 2001; x_wconf 89' lang='lat' dir='ltr'>et</span> <span class='ocrx_word' id='word_1_116' title='bbox 483 1933 558 2001; x_wconf 86' lang='lat' dir='ltr'>in</span> <span class='ocrx_word' id='word_1_117' title='bbox 592 1923 1005 2000; x_wconf 80' lang='lat' dir='ltr'>consistendo</span> <span class='ocrx_word' id='word_1_118' title='bbox 1035 1929 1397 2026; x_wconf 83' lang='lat' dir='ltr'>locumque</span> <span class='ocrx_word' id='word_1_119' title='bbox 1427 1927 1802 2002; x_wconf 88' lang='lat' dir='ltr'>obtinendo</span> <span class='ocrx_word' id='word_1_120' title='bbox 1833 1929 2233 2013; x_wconf 82' lang='lat' dir='ltr'>firmitatem,</span> <span class='ocrx_word' id='word_1_121' title='bbox 2285 1947 2354 2001; x_wconf 85' lang='lat' dir='ltr'>et</span> 
     </span>
     <span class='ocr_line' id='line_1_16' title="bbox 220 2030 2352 2129; baseline 0 -24"><span class='ocrx_word' id='word_1_122' title='bbox 220 2035 298 2105; x_wconf 87' lang='lat' dir='ltr'>in</span> <span class='ocrx_word' id='word_1_123' title='bbox 347 2030 702 2104; x_wconf 88' lang='lat' dir='ltr'>currendo</span> <span class='ocrx_word' id='word_1_124' title='bbox 744 2034 875 2102; x_wconf 85' lang='lat' dir='ltr'>vim</span> <span class='ocrx_word' id='word_1_125' title='bbox 921 2046 989 2103; x_wconf 89' lang='lat' dir='ltr'>et</span> <span class='ocrx_word' id='word_1_126' title='bbox 1032 2034 1472 2118; x_wconf 81' lang='lat' dir='ltr'>celeritatem,</span> <span class='ocrx_word' id='word_1_127' title='bbox 1540 2033 1764 2105; x_wconf 85' lang='lat' dir='ltr'>sumat.</span> <span class='ocrx_word' id='word_1_128' title='bbox 1862 2038 2123 2129; x_wconf 83' lang='lat' dir='ltr'>ltaque,</span> <span class='ocrx_word' id='word_1_129' title='bbox 2190 2055 2352 2107; x_wconf 83' lang='lat' dir='ltr'>cum</span> 
     </span>
     <span class='ocr_line' id='line_1_17' title="bbox 218 2130 2351 2231; baseline -0.001 -23"><span class='ocrx_word' id='word_1_130' title='bbox 218 2138 484 2222; x_wconf 77' lang='lat' dir='ltr'>omnia,</span> <span class='ocrx_word' id='word_1_131' title='bbox 536 2157 708 2231; x_wconf 89' lang='lat' dir='ltr'>quae</span> <span class='ocrx_word' id='word_1_132' title='bbox 734 2134 834 2203; x_wconf 87' lang='lat' dir='ltr'>via</span> <span class='ocrx_word' id='word_1_133' title='bbox 862 2149 931 2203; x_wconf 87' lang='lat' dir='ltr'>et</span> <span class='ocrx_word' id='word_1_134' title='bbox 969 2138 1226 2205; x_wconf 84' lang='lat' dir='ltr'>ratione</span> <span class='ocrx_word' id='word_1_135' title='bbox 1270 2133 1705 2230; x_wconf 83' lang='lat' dir='ltr'>progreditur</span> <span class='ocrx_word' id='word_1_136' title='bbox 1748 2130 2121 2231; x_wconf 76' lang='lat' dir='ltr'>disputatio,</span> <span class='ocrx_word' id='word_1_137' title='bbox 2173 2160 2209 2205; x_wconf 85' lang='lat' dir='ltr'>a</span> <span class='ocrx_word' id='word_1_138' title='bbox 2236 2131 2351 2206; x_wconf 75' lang='lat' dir='ltr'>de·</span> 
     </span>
     <span class='ocr_line' id='line_1_18' title="bbox 219 2233 2363 2332; baseline 0.001 -25"><span class='ocrx_word' id='word_1_139' title='bbox 219 2235 632 2308; x_wconf 79' lang='lat' dir='ltr'>finitionum</span> <span class='ocrx_word' id='word_1_140' title='bbox 680 2235 890 2305; x_wconf 79' lang='lat' dir='ltr'>initiis</span> <span class='ocrx_word' id='word_1_141' title='bbox 931 2234 1418 2332; x_wconf 79' lang='lat' dir='ltr'>proficiscatur3</span> <span class='ocrx_word' id='word_1_142' title='bbox 1479 2234 1560 2305; x_wconf 86' lang='lat' dir='ltr'>ab</span> <span class='ocrx_word' id='word_1_143' title='bbox 1609 2233 1838 2306; x_wconf 73' lang='lat' dir='ltr'>iisdem</span> <span class='ocrx_word' id='word_1_144' title='bbox 1885 2234 2171 2305; x_wconf 80' lang='lat' dir='ltr'>exordiis</span> <span class='ocrx_word' id='word_1_145' title='bbox 2202 2259 2363 2327; x_wconf 42' lang='lat' dir='ltr'>eam,</span> 
     </span>
     <span class='ocr_line' id='line_1_19' title="bbox 220 2334 2351 2440; baseline 0 -32"><span class='ocrx_word' id='word_1_146' title='bbox 220 2336 615 2440; x_wconf 86' lang='lat' dir='ltr'>procedere</span> <span class='ocrx_word' id='word_1_147' title='bbox 646 2336 1004 2408; x_wconf 82' lang='lat' dir='ltr'>iubeamus.</span> <span class='ocrx_word' id='word_1_148' title='bbox 1059 2343 1248 2409; x_wconf 88' lang='lat' dir='ltr'>Haec</span> <span class='ocrx_word' id='word_1_149' title='bbox 1274 2355 1519 2420; x_wconf 79' lang='lat' dir='ltr'>autem,</span> <span class='ocrx_word' id='word_1_150' title='bbox 1564 2334 1745 2434; x_wconf 89' lang='lat' dir='ltr'>quod</span> <span class='ocrx_word' id='word_1_151' title='bbox 1781 2341 1915 2424; x_wconf 70' lang='lat' dir='ltr'>Tu,</span> <span class='ocrx_word' id='word_1_152' title='bbox 1952 2334 2351 2409; x_wconf 68' lang='lat' dir='ltr'>&#39;Dostiffime</span> 
     </span>
     <span class='ocr_line' id='line_1_20' title="bbox 224 2434 2348 2537; baseline -0.001 -24"><span class='ocrx_word' id='word_1_153' title='bbox 224 2441 518 2520; x_wconf 73' lang='lat' dir='ltr'>Schulzi,</span> <span class='ocrx_word' id='word_1_154' title='bbox 573 2441 685 2532; x_wconf 87' lang='lat' dir='ltr'>qui</span> <span class='ocrx_word' id='word_1_155' title='bbox 715 2438 999 2509; x_wconf 87' lang='lat' dir='ltr'>multum</span> <span class='ocrx_word' id='word_1_156' title='bbox 1031 2455 1101 2508; x_wconf 88' lang='lat' dir='ltr'>et</span> <span class='ocrx_word' id='word_1_157' title='bbox 1141 2441 1466 2537; x_wconf 78' lang='lat' dir='ltr'>temporis</span> <span class='ocrx_word' id='word_1_158' title='bbox 1497 2455 1564 2509; x_wconf 90' lang='lat' dir='ltr'>et</span> <span class='ocrx_word' id='word_1_159' title='bbox 1594 2434 1781 2509; x_wconf 89' lang='lat' dir='ltr'>studii</span> <span class='ocrx_word' id='word_1_160' title='bbox 1809 2440 1873 2509; x_wconf 90' lang='lat' dir='ltr'>in</span> <span class='ocrx_word' id='word_1_161' title='bbox 1907 2438 2348 2535; x_wconf 82' lang='lat' dir='ltr'>philosopho-</span> 
     </span>
     <span class='ocr_line' id='line_1_21' title="bbox 222 2535 2345 2632; baseline -0.002 -16"><span class='ocrx_word' id='word_1_162' title='bbox 222 2567 390 2616; x_wconf 85' lang='lat' dir='ltr'>rum</span> <span class='ocrx_word' id='word_1_163' title='bbox 427 2535 676 2613; x_wconf 73' lang='lat' dir='ltr'>scholia</span> <span class='ocrx_word' id='word_1_164' title='bbox 721 2536 1135 2625; x_wconf 80' lang='lat' dir='ltr'>consumsisti,</span> <span class='ocrx_word' id='word_1_165' title='bbox 1189 2566 1329 2613; x_wconf 93' lang='lat' dir='ltr'>non</span> <span class='ocrx_word' id='word_1_166' title='bbox 1374 2546 1660 2632; x_wconf 82' lang='lat' dir='ltr'>ignoras,</span> <span class='ocrx_word' id='word_1_167' title='bbox 1716 2541 1882 2611; x_wconf 80' lang='lat' dir='ltr'>haec</span> <span class='ocrx_word' id='word_1_168' title='bbox 1924 2563 2090 2631; x_wconf 82' lang='lat' dir='ltr'>ergo</span> <span class='ocrx_word' id='word_1_169' title='bbox 2123 2544 2345 2613; x_wconf 69' lang='lat' dir='ltr'>omnio</span> 
     </span>
     <span class='ocr_line' id='line_1_22' title="bbox 224 2639 2346 2743; baseline -0.002 -26"><span class='ocrx_word' id='word_1_170' title='bbox 224 2649 352 2732; x_wconf 84' lang='lat' dir='ltr'>rei,</span> <span class='ocrx_word' id='word_1_171' title='bbox 395 2667 606 2743; x_wconf 84' lang='lat' dir='ltr'>quarn</span> <span class='ocrx_word' id='word_1_172' title='bbox 633 2644 1024 2740; x_wconf 61' lang='lat' dir='ltr'>nuffar-iam</span> <span class='ocrx_word' id='word_1_173' title='bbox 1052 2640 1234 2715; x_wconf 69' lang='lat' dir='ltr'>reste</span> <span class='ocrx_word' id='word_1_174' title='bbox 1262 2644 1542 2715; x_wconf 75' lang='lat' dir='ltr'>velimus</span> <span class='ocrx_word' id='word_1_175' title='bbox 1573 2641 1813 2726; x_wconf 83' lang='lat' dir='ltr'>dicere,</span> <span class='ocrx_word' id='word_1_176' title='bbox 1841 2645 1936 2713; x_wconf 77' lang='lat' dir='ltr'>vie</span> <span class='ocrx_word' id='word_1_177' title='bbox 1967 2639 2092 2713; x_wconf 78' lang='lat' dir='ltr'>effe</span> <span class='ocrx_word' id='word_1_178' title='bbox 2124 2642 2346 2730; x_wconf 82' lang='lat' dir='ltr'>debet,</span> 
     </span>
     <span class='ocr_line' id='line_1_23' title="bbox 223 2741 2349 2843; baseline -0.002 -23"><span class='ocrx_word' id='word_1_179' title='bbox 223 2764 303 2820; x_wconf 82' lang='lat' dir='ltr'>vt</span> <span class='ocrx_word' id='word_1_180' title='bbox 331 2747 532 2817; x_wconf 87' lang='lat' dir='ltr'>aliter</span> <span class='ocrx_word' id='word_1_181' title='bbox 563 2741 690 2814; x_wconf 77' lang='lat' dir='ltr'>effe</span> <span class='ocrx_word' id='word_1_182' title='bbox 721 2771 860 2815; x_wconf 90' lang='lat' dir='ltr'>non</span> <span class='ocrx_word' id='word_1_183' title='bbox 893 2741 1121 2842; x_wconf 79' lang='lat' dir='ltr'>poffit:</span> <span class='ocrx_word' id='word_1_184' title='bbox 1171 2744 1370 2842; x_wconf 89' lang='lat' dir='ltr'>quod,</span> <span class='ocrx_word' id='word_1_185' title='bbox 1420 2747 1536 2843; x_wconf 90' lang='lat' dir='ltr'>qui</span> <span class='ocrx_word' id='word_1_186' title='bbox 1569 2745 1984 2816; x_wconf 83' lang='lat' dir='ltr'>enucleatius</span> <span class='ocrx_word' id='word_1_187' title='bbox 2015 2742 2349 2815; x_wconf 75' lang='lat' dir='ltr'>subtilius-</span> 
     </span>
     <span class='ocr_line' id='line_1_24' title="bbox 228 2843 2395 2947; baseline -0.002 -27"><span class='ocrx_word' id='word_1_188' title='bbox 228 2872 374 2947; x_wconf 88' lang='lat' dir='ltr'>que</span> <span class='ocrx_word' id='word_1_189' title='bbox 417 2847 764 2943; x_wconf 83' lang='lat' dir='ltr'>explicant,</span> <span class='ocrx_word' id='word_1_190' title='bbox 812 2849 898 2917; x_wconf 88' lang='lat' dir='ltr'>ita</span> <span class='ocrx_word' id='word_1_191' title='bbox 943 2849 1598 2943; x_wconf 81' lang='lat' dir='ltr'>interpretantur‚-vt</span> <span class='ocrx_word' id='word_1_192' title='bbox 1644 2843 1897 2927; x_wconf 86' lang='lat' dir='ltr'>dicant,</span> <span class='ocrx_word' id='word_1_193' title='bbox 1942 2843 2343 2918; x_wconf 68' lang='lat' dir='ltr'>neceffitatia</span> <span class='ocrx_word' id='word_1_194' title='bbox 2390 2853 2395 2864; x_wconf 85' lang='lat'>&#39;</span> 
     </span>
     <span class='ocr_line' id='line_1_25' title="bbox 226 2946 2343 3046; baseline 0 -26"><span class='ocrx_word' id='word_1_195' title='bbox 226 2954 373 3021; x_wconf 77' lang='lat' dir='ltr'>vim</span> <span class='ocrx_word' id='word_1_196' title='bbox 406 2951 542 3019; x_wconf 89' lang='lat' dir='ltr'>hoc</span> <span class='ocrx_word' id='word_1_197' title='bbox 588 2948 924 3033; x_wconf 85' lang='lat' dir='ltr'>obtinere,</span> <span class='ocrx_word' id='word_1_198' title='bbox 968 2948 1152 3017; x_wconf 89' lang='lat' dir='ltr'>cuius</span> <span class='ocrx_word' id='word_1_199' title='bbox 1189 2951 1601 3019; x_wconf 76' lang='lat' dir='ltr'>eontrarium</span> <span class='ocrx_word' id='word_1_200' title='bbox 1641 2964 1992 3046; x_wconf 75' lang='lat' dir='ltr'>repugnet.</span> <span class='ocrx_word' id='word_1_201' title='bbox 2093 2946 2343 3020; x_wconf 81' lang='lat' dir='ltr'>Neces-</span> 
     </span>
     <span class='ocr_line' id='line_1_26' title="bbox 228 3047 2342 3129; baseline 0 -6"><span class='ocrx_word' id='word_1_202' title='bbox 228 3050 387 3123; x_wconf 86' lang='lat' dir='ltr'>sarii</span> <span class='ocrx_word' id='word_1_203' title='bbox 414 3066 637 3121; x_wconf 87' lang='lat' dir='ltr'>autem</span> <span class='ocrx_word' id='word_1_204' title='bbox 678 3047 834 3120; x_wconf 83' lang='lat' dir='ltr'>duas</span> <span class='ocrx_word' id='word_1_205' title='bbox 863 3048 1110 3120; x_wconf 82' lang='lat' dir='ltr'>formas</span> <span class='ocrx_word' id='word_1_206' title='bbox 1134 3049 1413 3121; x_wconf 82' lang='lat' dir='ltr'>faciunt:</span> <span class='ocrx_word' id='word_1_207' title='bbox 1464 3050 1735 3121; x_wconf 84' lang='lat' dir='ltr'>alteram</span> <span class='ocrx_word' id='word_1_208' title='bbox 1767 3053 1929 3129; x_wconf 83' lang='lat' dir='ltr'>eius,</span> <span class='ocrx_word' id='word_1_209' title='bbox 1957 3050 2146 3120; x_wconf 89' lang='lat' dir='ltr'>cuius</span> <span class='ocrx_word' id='word_1_210' title='bbox 2177 3074 2342 3123; x_wconf 56' lang='lat' dir='ltr'>con*</span> 
     </span>
     <span class='ocr_line' id='line_1_27' title="bbox 228 3147 2343 3251; baseline -0.001 -25"><span class='ocrx_word' id='word_1_211' title='bbox 228 3155 516 3226; x_wconf 80' lang='lat' dir='ltr'>trarium</span> <span class='ocrx_word' id='word_1_212' title='bbox 565 3175 685 3250; x_wconf 91' lang='lat' dir='ltr'>per</span> <span class='ocrx_word' id='word_1_213' title='bbox 727 3149 790 3221; x_wconf 87' lang='lat' dir='ltr'>se</span> <span class='ocrx_word' id='word_1_214' title='bbox 840 3147 953 3222; x_wconf 80' lang='lat' dir='ltr'>fibi</span> <span class='ocrx_word' id='word_1_215' title='bbox 997 3161 1352 3246; x_wconf 73' lang='lat' dir='ltr'>repugnet</span> <span class='ocrx_word' id='word_1_216' title='bbox 1386 3153 1635 3247; x_wconf 80' lang='lat' dir='ltr'>ipsum3</span> <span class='ocrx_word' id='word_1_217' title='bbox 1690 3149 1874 3251; x_wconf 88' lang='lat' dir='ltr'>quod</span> <span class='ocrx_word' id='word_1_218' title='bbox 1912 3148 2058 3224; x_wconf 82' lang='lat' dir='ltr'>fieri</span> <span class='ocrx_word' id='word_1_219' title='bbox 2104 3152 2343 3224; x_wconf 76' lang='lat' dir='ltr'>dicunt</span> 
     </span>
     <span class='ocr_line' id='line_1_28' title="bbox 224 3249 2340 3352; baseline -0.002 -23"><span class='ocrx_word' id='word_1_220' title='bbox 224 3270 405 3340; x_wconf 82' lang='lat' dir='ltr'>tum,</span> <span class='ocrx_word' id='word_1_221' title='bbox 458 3271 613 3324; x_wconf 85' lang='lat' dir='ltr'>cum</span> <span class='ocrx_word' id='word_1_222' title='bbox 657 3279 734 3325; x_wconf 82' lang='lat' dir='ltr'>ex</span> <span class='ocrx_word' id='word_1_223' title='bbox 777 3252 910 3351; x_wconf 86' lang='lat' dir='ltr'>ipsa</span> <span class='ocrx_word' id='word_1_224' title='bbox 952 3249 1347 3325; x_wconf 85' lang='lat' dir='ltr'>definitione</span> <span class='ocrx_word' id='word_1_225' title='bbox 1386 3257 1532 3324; x_wconf 77' lang='lat' dir='ltr'>eius</span> <span class='ocrx_word' id='word_1_226' title='bbox 1580 3256 2014 3352; x_wconf 83' lang='lat' dir='ltr'>repugnantia</span> <span class='ocrx_word' id='word_1_227' title='bbox 2061 3256 2340 3352; x_wconf 86' lang='lat' dir='ltr'>perspici</span> 
     </span>
     <span class='ocr_line' id='line_1_29' title="bbox 224 3351 2339 3457; baseline -0.001 -28"><span class='ocrx_word' id='word_1_228' title='bbox 224 3352 468 3457; x_wconf 80' lang='lat' dir='ltr'>poffit3</span> <span class='ocrx_word' id='word_1_229' title='bbox 519 3357 706 3426; x_wconf 86' lang='lat' dir='ltr'>cuius</span> <span class='ocrx_word' id='word_1_230' title='bbox 733 3357 1002 3449; x_wconf 79' lang='lat' dir='ltr'>generis</span> <span class='ocrx_word' id='word_1_231' title='bbox 1031 3355 1181 3425; x_wconf 87' lang='lat' dir='ltr'>sunt</span> <span class='ocrx_word' id='word_1_232' title='bbox 1205 3359 1444 3441; x_wconf 85' lang='lat' dir='ltr'>omnia,</span> <span class='ocrx_word' id='word_1_233' title='bbox 1473 3379 1644 3454; x_wconf 84' lang='lat' dir='ltr'>quae</span> <span class='ocrx_word' id='word_1_234' title='bbox 1672 3352 1973 3426; x_wconf 84' lang='lat' dir='ltr'>absolute</span> <span class='ocrx_word' id='word_1_235' title='bbox 1999 3373 2068 3426; x_wconf 90' lang='lat' dir='ltr'>et</span> <span class='ocrx_word' id='word_1_236' title='bbox 2095 3351 2339 3450; x_wconf 79' lang='lat' dir='ltr'>{impli-</span> 
     </span>
     <span class='ocr_line' id='line_1_30' title="bbox 228 3447 2336 3556; baseline -0.001 -26"><span class='ocrx_word' id='word_1_237' title='bbox 228 3461 409 3531; x_wconf 85' lang='lat' dir='ltr'>citer</span> <span class='ocrx_word' id='word_1_238' title='bbox 439 3447 751 3533; x_wconf 66' lang='grc' dir='ltr'>ἀδύνατα</span> <span class='ocrx_word' id='word_1_239' title='bbox 777 3472 1131 3556; x_wconf 80' lang='lat' dir='ltr'>putantur:</span> <span class='ocrx_word' id='word_1_240' title='bbox 1177 3456 1447 3529; x_wconf 83' lang='lat' dir='ltr'>alteram</span> <span class='ocrx_word' id='word_1_241' title='bbox 1482 3473 1704 3530; x_wconf 89' lang='lat' dir='ltr'>autem</span> <span class='ocrx_word' id='word_1_242' title='bbox 1735 3456 2019 3528; x_wconf 85' lang='lat' dir='ltr'>formam</span> <span class='ocrx_word' id='word_1_243' title='bbox 2052 3453 2336 3528; x_wconf 77' lang='lat' dir='ltr'>necess&#39;a·</span> 
     </span>
     <span class='ocr_line' id='line_1_31' title="bbox 231 3552 2338 3642; baseline -0 -12"><span class='ocrx_word' id='word_1_244' title='bbox 231 3562 315 3630; x_wconf 85' lang='lat' dir='ltr'>rii</span> <span class='ocrx_word' id='word_1_245' title='bbox 342 3560 570 3630; x_wconf 88' lang='lat' dir='ltr'>dicunt</span> <span class='ocrx_word' id='word_1_246' title='bbox 599 3555 726 3630; x_wconf 78' lang='lat' dir='ltr'>effe</span> <span class='ocrx_word' id='word_1_247' title='bbox 754 3561 1117 3642; x_wconf 70' lang='lat' dir='ltr'>eius-,cuius</span> <span class='ocrx_word' id='word_1_248' title='bbox 1147 3562 1551 3630; x_wconf 83' lang='lat' dir='ltr'>contrarium</span> <span class='ocrx_word' id='word_1_249' title='bbox 1586 3582 1743 3630; x_wconf 88' lang='lat' dir='ltr'>cum</span> <span class='ocrx_word' id='word_1_250' title='bbox 1773 3552 2196 3629; x_wconf 63' lang='lat' dir='ltr'>adiunctione</span> <span class='ocrx_word' id='word_1_251' title='bbox 2224 3556 2338 3629; x_wconf 87' lang='lat' dir='ltr'>de·</span> 
     </span>
     <span class='ocr_line' id='line_1_32' title="bbox 230 3658 2338 3759; baseline -0.001 -29"><span class='ocrx_word' id='word_1_252' title='bbox 230 3679 422 3730; x_wconf 80' lang='lat' dir='ltr'>mum</span> <span class='ocrx_word' id='word_1_253' title='bbox 453 3676 568 3731; x_wconf 81' lang='lat' dir='ltr'>aut</span> <span class='ocrx_word' id='word_1_254' title='bbox 599 3660 990 3733; x_wconf 89' lang='lat' dir='ltr'>conditione</span> <span class='ocrx_word' id='word_1_255' title='bbox 1017 3658 1294 3759; x_wconf 82' lang='lat' dir='ltr'>quadam</span> <span class='ocrx_word' id='word_1_256' title='bbox 1322 3673 1675 3758; x_wconf 83' lang='lat' dir='ltr'>repugnet,</span> <span class='ocrx_word' id='word_1_257' title='bbox 1727 3679 1860 3756; x_wconf 80' lang='lat' dir='ltr'>qua</span> <span class='ocrx_word' id='word_1_258' title='bbox 1886 3675 2165 3748; x_wconf 68' lang='lat' dir='ltr'>remota,</span> <span class='ocrx_word' id='word_1_259' title='bbox 2190 3658 2338 3756; x_wconf 53' lang='lat' dir='ltr'>pos*</span> 
     </span>
     <span class='ocr_line' id='line_1_33' title="bbox 229 3755 2337 3859; baseline -0.001 -27"><span class='ocrx_word' id='word_1_260' title='bbox 229 3756 413 3832; x_wconf 80' lang='lat' dir='ltr'>fibile</span> <span class='ocrx_word' id='word_1_261' title='bbox 442 3760 799 3859; x_wconf 84' lang='lat' dir='ltr'>iudicetur:</span> <span class='ocrx_word' id='word_1_262' title='bbox 848 3773 1202 3858; x_wconf 76' lang='lat' dir='ltr'>tamquam,</span> <span class='ocrx_word' id='word_1_263' title='bbox 1233 3785 1386 3833; x_wconf 85' lang='lat' dir='ltr'>cum</span> <span class='ocrx_word' id='word_1_264' title='bbox 1415 3755 1844 3836; x_wconf 72' lang='lat' dir='ltr'>necessarium</span> <span class='ocrx_word' id='word_1_265' title='bbox 1878 3759 2007 3833; x_wconf 81' lang='lat' dir='ltr'>effe</span> <span class='ocrx_word' id='word_1_266' title='bbox 2042 3759 2337 3844; x_wconf 74' lang='lat' dir='ltr'>dicimus,</span> 
     </span>
     <span class='ocr_line' id='line_1_34' title="bbox 155 3858 2028 3959; baseline 0 -24"><span class='ocrx_word' id='word_1_267' title='bbox 155 3945 160 3950; x_wconf 51' lang='grc'><strong>,</strong></span> <span class='ocrx_word' id='word_1_268' title='bbox 230 3877 309 3935; x_wconf 81' lang='lat' dir='ltr'>vt</span> <span class='ocrx_word' id='word_1_269' title='bbox 341 3867 523 3933; x_wconf 70' lang='lat' dir='ltr'>Deus</span> <span class='ocrx_word' id='word_1_270' title='bbox 572 3858 637 3932; x_wconf 92' lang='lat' dir='ltr'>id</span> <span class='ocrx_word' id='word_1_271' title='bbox 674 3861 886 3944; x_wconf 86' lang='lat' dir='ltr'>faciat,</span> <span class='ocrx_word' id='word_1_272' title='bbox 937 3861 1116 3959; x_wconf 90' lang='lat' dir='ltr'>quod</span> <span class='ocrx_word' id='word_1_273' title='bbox 1149 3864 1486 3959; x_wconf 85' lang='lat' dir='ltr'>optimum</span> <span class='ocrx_word' id='word_1_274' title='bbox 1516 3858 1645 3932; x_wconf 79' lang='lat' dir='ltr'>effe</span> <span class='ocrx_word' id='word_1_275' title='bbox 1690 3863 2028 3956; x_wconf 84' lang='lat' dir='ltr'>intelligat.</span> 
     </span>
     <span class='ocr_line' id='line_1_35' title="bbox 435 3959 2336 4062; baseline 0 -30"><span class='ocrx_word' id='word_1_276' title='bbox 435 3967 570 4044; x_wconf 76' lang='lat' dir='ltr'>lam</span> <span class='ocrx_word' id='word_1_277' title='bbox 597 3961 786 4032; x_wconf 76' lang='lat' dir='ltr'>facile</span> <span class='ocrx_word' id='word_1_278' title='bbox 819 3965 1152 4056; x_wconf 73' lang='lat' dir='ltr'>intelligia,</span> <span class='ocrx_word' id='word_1_279' title='bbox 1172 3967 1283 4062; x_wconf 89' lang='lat' dir='ltr'>qui</span> <span class='ocrx_word' id='word_1_280' title='bbox 1312 3971 1388 4036; x_wconf 79' lang='lat' dir='ltr'>de</span> <span class='ocrx_word' id='word_1_281' title='bbox 1414 3966 1754 4057; x_wconf 80' lang='lat' dir='ltr'>neceffitate</span> <span class='ocrx_word' id='word_1_282' title='bbox 1790 3968 2190 4037; x_wconf 74' lang='lat' dir='ltr'>revelationis</span> <span class='ocrx_word' id='word_1_283' title='bbox 2222 3959 2336 4032; x_wconf 75' lang='lat' dir='ltr'>de·</span> 
     </span>
     <span class='ocr_line' id='line_1_36' title="bbox 227 4059 2336 4157; baseline -0.001 -19"><span class='ocrx_word' id='word_1_284' title='bbox 227 4059 644 4138; x_wconf 84' lang='lat' dir='ltr'>monstranda</span> <span class='ocrx_word' id='word_1_285' title='bbox 694 4061 1053 4157; x_wconf 85' lang='lat' dir='ltr'>disputent,</span> <span class='ocrx_word' id='word_1_286' title='bbox 1118 4091 1256 4136; x_wconf 88' lang='lat' dir='ltr'>non</span> <span class='ocrx_word' id='word_1_287' title='bbox 1303 4065 1387 4136; x_wconf 87' lang='lat' dir='ltr'>de</span> <span class='ocrx_word' id='word_1_288' title='bbox 1425 4069 1532 4137; x_wconf 87' lang='lat' dir='ltr'>illa</span> <span class='ocrx_word' id='word_1_289' title='bbox 1576 4065 1871 4136; x_wconf 89' lang='lat' dir='ltr'>absoluta</span> <span class='ocrx_word' id='word_1_290' title='bbox 1934 4063 2336 4155; x_wconf 68' lang='lat' dir='ltr'>necestitate,</span> 
     </span>
     <span class='ocr_line' id='line_1_37' title="bbox 229 4163 2336 4274; baseline -0.002 -33"><span class='ocrx_word' id='word_1_291' title='bbox 229 4164 339 4241; x_wconf 80' lang='lat' dir='ltr'>sed</span> <span class='ocrx_word' id='word_1_292' title='bbox 368 4164 452 4239; x_wconf 87' lang='lat' dir='ltr'>de</span> <span class='ocrx_word' id='word_1_293' title='bbox 485 4166 688 4237; x_wconf 82' lang='lat' dir='ltr'>altera</span> <span class='ocrx_word' id='word_1_294' title='bbox 711 4163 846 4249; x_wconf 78' lang='lat' dir='ltr'>illa,</span> <span class='ocrx_word' id='word_1_295' title='bbox 881 4189 1050 4264; x_wconf 83' lang='lat' dir='ltr'>quae</span> <span class='ocrx_word' id='word_1_296' title='bbox 1090 4164 1184 4237; x_wconf 81' lang='lat' dir='ltr'>est</span> <span class='ocrx_word' id='word_1_297' title='bbox 1227 4187 1385 4241; x_wconf 84' lang='lat' dir='ltr'>cum</span> <span class='ocrx_word' id='word_1_298' title='bbox 1415 4167 1834 4252; x_wconf 77' lang='lat' dir='ltr'>conditione,</span> <span class='ocrx_word' id='word_1_299' title='bbox 1880 4169 2165 4274; x_wconf 70' lang='lat' dir='ltr'>intelligi</span> <span class='ocrx_word' id='word_1_300' title='bbox 2200 4167 2336 4240; x_wconf 75' lang='lat' dir='ltr'>vel-</span> 
     </span>
     <span class='ocr_line' id='line_1_38' title="bbox 2242 4270 2325 4340; baseline -0.048 0"><span class='ocrx_word' id='word_1_301' title='bbox 2242 4270 2325 4340; x_wconf 87' lang='lat' dir='ltr'>le.</span> 
     </span>
    </p>
   </div>
  </div>
 </body>
</html>
