<?xml version="1.0" encoding="UTF-8"?>
<!DOCTYPE html PUBLIC "-//W3C//DTD XHTML 1.0 Transitional//EN"
    "http://www.w3.org/TR/xhtml1/DTD/xhtml1-transitional.dtd">
<html xmlns="http://www.w3.org/1999/xhtml" xml:lang="en" lang="en">
 <head>
  <title>
</title>
<meta http-equiv="Content-Type" content="text/html;charset=utf-8" />
  <meta name='ocr-system' content='tesseract 3.04.00' />
  <meta name='ocr-capabilities' content='ocr_page ocr_carea ocr_par ocr_line ocrx_word'/>
</head>
<body>
  <div class='ocr_page' id='page_1' title='image "./ioaugernestiopu00ernegoog_0301.png"; bbox 0 0 2949 5023; ppageno 0'>
   <div class='ocr_carea' id='block_1_1' title="bbox 715 430 2390 515">
    <p class='ocr_par' dir='ltr' id='par_1_1' title="bbox 715 430 2390 515">
     <span class='ocr_line' id='line_1_1' title="bbox 715 430 2390 515; baseline 0.004 -26"><span class='ocrx_word' id='word_1_1' title='bbox 715 443 808 489; x_wconf 74' lang='lat' dir='ltr'>nr</span> <span class='ocrx_word' id='word_1_2' title='bbox 860 439 1309 490; x_wconf 55' lang='lat' dir='ltr'>numerorum</span> <span class='ocrx_word' id='word_1_3' title='bbox 1363 430 1986 501; x_wconf 63' lang='lat' dir='ltr'>cous-rrrvt&#39;una</span> <span class='ocrx_word' id='word_1_4' title='bbox 2202 434 2390 515; x_wconf 61' lang='lat'>,285</span> 
     </span>
    </p>
   </div>
   <div class='ocr_carea' id='block_1_2' title="bbox 234 601 2432 2931">
    <p class='ocr_par' dir='ltr' id='par_1_2' title="bbox 234 601 2432 2132">
     <span class='ocr_line' id='line_1_2' title="bbox 289 601 2388 705; baseline -0.002 -25"><span class='ocrx_word' id='word_1_5' title='bbox 289 604 678 705; x_wconf 78' lang='lat' dir='ltr'>sapientiae,</span> <span class='ocrx_word' id='word_1_6' title='bbox 736 604 1041 700; x_wconf 74' lang='lat' dir='ltr'>pietatiS,</span> <span class='ocrx_word' id='word_1_7' title='bbox 1102 620 1173 675; x_wconf 88' lang='lat' dir='ltr'>et</span> <span class='ocrx_word' id='word_1_8' title='bbox 1200 605 1500 685; x_wconf 69' lang='lat' dir='ltr'>virentia,</span> <span class='ocrx_word' id='word_1_9' title='bbox 1530 620 1704 701; x_wconf 72' lang='lat' dir='ltr'>⁴apta</span> <span class='ocrx_word' id='word_1_10' title='bbox 1730 601 2177 701; x_wconf 76' lang='lat' dir='ltr'>vsurpantium</span> <span class='ocrx_word' id='word_1_11' title='bbox 2211 607 2388 695; x_wconf 73' lang='lat' dir='ltr'>inge·</span> 
     </span>
     <span class='ocr_line' id='line_1_3' title="bbox 292 702 2390 803; baseline -0.001 -23"><span class='ocrx_word' id='word_1_12' title='bbox 292 710 448 793; x_wconf 78' lang='lat' dir='ltr'>niis,</span> <span class='ocrx_word' id='word_1_13' title='bbox 497 703 837 787; x_wconf 76' lang='lat' dir='ltr'>moribu5‚</span> <span class='ocrx_word' id='word_1_14' title='bbox 904 708 1101 776; x_wconf 87' lang='lat' dir='ltr'>etiam</span> <span class='ocrx_word' id='word_1_15' title='bbox 1134 702 1571 803; x_wconf 75' lang='lat' dir='ltr'>temporibus,</span> <span class='ocrx_word' id='word_1_16' title='bbox 1709 703 1967 789; x_wconf 84' lang='lat' dir='ltr'>Quibus</span> <span class='ocrx_word' id='word_1_17' title='bbox 1991 706 2390 794; x_wconf 70' lang='lat' dir='ltr'>constitutiS,</span> 
     </span>
     <span class='ocr_line' id='line_1_4' title="bbox 287 802 2390 905; baseline -0.001 -22"><span class='ocrx_word' id='word_1_18' title='bbox 287 835 427 882; x_wconf 89' lang='lat' dir='ltr'>non</span> <span class='ocrx_word' id='word_1_19' title='bbox 456 805 553 878; x_wconf 88' lang='lat' dir='ltr'>est</span> <span class='ocrx_word' id='word_1_20' title='bbox 581 802 869 894; x_wconf 81' lang='lat' dir='ltr'>difficile,</span> <span class='ocrx_word' id='word_1_21' title='bbox 900 823 1253 905; x_wconf 73' lang='lat' dir='ltr'><strong>Vtramque</strong></span> <span class='ocrx_word' id='word_1_22' title='bbox 1281 805 1516 878; x_wconf 83' lang='lat' dir='ltr'>ritibus</span> <span class='ocrx_word' id='word_1_23' title='bbox 1554 812 1628 877; x_wconf 90' lang='lat' dir='ltr'>V.</span> <span class='ocrx_word' id='word_1_24' title='bbox 1657 811 1744 878; x_wconf 89' lang='lat' dir='ltr'>T.</span> <span class='ocrx_word' id='word_1_25' title='bbox 1771 803 2063 878; x_wconf 75' lang='lat' dir='ltr'>asserere.</span> <span class='ocrx_word' id='word_1_26' title='bbox 2136 820 2237 881; x_wconf 81' lang='lat' dir='ltr'>Ac</span> <span class='ocrx_word' id='word_1_27' title='bbox 2267 835 2390 880; x_wconf 89' lang='lat' dir='ltr'>nos</span> 
     </span>
     <span class='ocr_line' id='line_1_5' title="bbox 286 908 2391 1008; baseline -0.002 -23"><span class='ocrx_word' id='word_1_28' title='bbox 286 938 429 985; x_wconf 89' lang='lat' dir='ltr'>non</span> <span class='ocrx_word' id='word_1_29' title='bbox 472 912 901 1003; x_wconf 65' lang='lat' dir='ltr'>ignor-amm,</span> <span class='ocrx_word' id='word_1_30' title='bbox 957 908 1141 979; x_wconf 89' lang='lat' dir='ltr'>hunc</span> <span class='ocrx_word' id='word_1_31' title='bbox 1184 910 1444 992; x_wconf 90' lang='lat' dir='ltr'>locum,</span> <span class='ocrx_word' id='word_1_32' title='bbox 1512 908 1891 1005; x_wconf 81' lang='lat' dir='ltr'>praesertim</span> <span class='ocrx_word' id='word_1_33' title='bbox 1932 909 2150 1008; x_wconf 73' lang='lat' dir='ltr'>quoad</span> <span class='ocrx_word' id='word_1_34' title='bbox 2197 913 2391 981; x_wconf 87' lang='lat' dir='ltr'>inno·</span> 
     </span>
     <span class='ocr_line' id='line_1_6' title="bbox 287 1005 2391 1108; baseline -0.003 -21"><span class='ocrx_word' id='word_1_35' title='bbox 287 1017 576 1087; x_wconf 82' lang='lat' dir='ltr'>centiam</span> <span class='ocrx_word' id='word_1_36' title='bbox 618 1014 924 1101; x_wconf 76' lang='lat' dir='ltr'>attingit,</span> <span class='ocrx_word' id='word_1_37' title='bbox 987 1005 1335 1081; x_wconf 67' lang='lat' dir='ltr'>trassatum</span> <span class='ocrx_word' id='word_1_38' title='bbox 1380 1006 1511 1079; x_wconf 82' lang='lat' dir='ltr'>esse</span> <span class='ocrx_word' id='word_1_39' title='bbox 1556 1034 1589 1078; x_wconf 90' lang='lat' dir='ltr'>a</span> <span class='ocrx_word' id='word_1_40' title='bbox 1620 1008 2011 1108; x_wconf 77' lang='lat' dir='ltr'>quibusdam</span> <span class='ocrx_word' id='word_1_41' title='bbox 2043 1014 2391 1097; x_wconf 73' lang='lat' dir='ltr'>Britanni3‚</span> 
     </span>
     <span class='ocr_line' id='line_1_7' title="bbox 286 1108 2398 1215; baseline -0.002 -27"><span class='ocrx_word' id='word_1_42' title='bbox 286 1119 401 1215; x_wconf 88' lang='lat' dir='ltr'>qui</span> <span class='ocrx_word' id='word_1_43' title='bbox 429 1116 740 1185; x_wconf 86' lang='lat' dir='ltr'>aduersus</span> <span class='ocrx_word' id='word_1_44' title='bbox 778 1114 1128 1184; x_wconf 79' lang='lat' dir='ltr'>dealium</span> <span class='ocrx_word' id='word_1_45' title='bbox 1170 1108 1288 1183; x_wconf 82' lang='lat' dir='ltr'>sibi</span> <span class='ocrx_word' id='word_1_46' title='bbox 1331 1130 1690 1197; x_wconf 83' lang='lat' dir='ltr'>certamen·</span> <span class='ocrx_word' id='word_1_47' title='bbox 1718 1113 2119 1199; x_wconf 80' lang='lat' dir='ltr'>sumserunt,</span> <span class='ocrx_word' id='word_1_48' title='bbox 2172 1120 2241 1187; x_wconf 90' lang='lat' dir='ltr'>in</span> <span class='ocrx_word' id='word_1_49' title='bbox 2290 1115 2398 1185; x_wconf 77' lang='lat' dir='ltr'>his</span> 
     </span>
     <span class='ocr_line' id='line_1_8' title="bbox 234 1213 2432 1312; baseline -0.002 -23"><span class='ocrx_word' id='word_1_50' title='bbox 234 1216 251 1231; x_wconf 65' lang='lat'>²</span> <span class='ocrx_word' id='word_1_51' title='bbox 288 1246 325 1289; x_wconf 71' lang='lat' dir='ltr'><strong>a</strong></span> <span class='ocrx_word' id='word_1_52' title='bbox 358 1223 492 1290; x_wconf 82' lang='lat' dir='ltr'><em>Iac.</em></span> <span class='ocrx_word' id='word_1_53' title='bbox 524 1215 822 1312; x_wconf 78' lang='lat' dir='ltr'>Fostem,</span> <span class='ocrx_word' id='word_1_54' title='bbox 869 1239 1000 1307; x_wconf 84' lang='lat' dir='ltr'><em>cap.</em></span> <span class='ocrx_word' id='word_1_55' title='bbox 1036 1240 1081 1300; x_wconf 87' lang='lat'>4</span> <span class='ocrx_word' id='word_1_56' title='bbox 1115 1230 1181 1287; x_wconf 82' lang='lat' dir='ltr'>et</span> <span class='ocrx_word' id='word_1_57' title='bbox 1216 1241 1273 1302; x_wconf 84' lang='lat'>5.</span> <span class='ocrx_word' id='word_1_58' title='bbox 1323 1213 1431 1286; x_wconf 88' lang='lat' dir='ltr'>sed</span> <span class='ocrx_word' id='word_1_59' title='bbox 1467 1215 1610 1282; x_wconf 87' lang='lat' dir='ltr'>eius</span> <span class='ocrx_word' id='word_1_60' title='bbox 1641 1213 2009 1312; x_wconf 79' lang='lat' dir='ltr'>disputatiO,</span> <span class='ocrx_word' id='word_1_61' title='bbox 2061 1214 2176 1288; x_wconf 79' lang='lat' dir='ltr'>e&#39;tfi</span> <span class='ocrx_word' id='word_1_62' title='bbox 2201 1222 2432 1287; x_wconf 58' lang='lat' dir='ltr'>inno-‘</span> 
     </span>
     <span class='ocr_line' id='line_1_9' title="bbox 289 1310 2395 1411; baseline -0.001 -21"><span class='ocrx_word' id='word_1_63' title='bbox 289 1323 575 1391; x_wconf 79' lang='lat' dir='ltr'>centiam</span> <span class='ocrx_word' id='word_1_64' title='bbox 606 1316 780 1388; x_wconf 89' lang='lat' dir='ltr'>bene</span> <span class='ocrx_word' id='word_1_65' title='bbox 809 1314 1141 1400; x_wconf 83' lang='lat' dir='ltr'>defendit,</span> <span class='ocrx_word' id='word_1_66' title='bbox 1181 1316 1366 1411; x_wconf 89' lang='lat' dir='ltr'>quod</span> <span class='ocrx_word' id='word_1_67' title='bbox 1401 1310 1495 1382; x_wconf 87' lang='lat' dir='ltr'>est</span> <span class='ocrx_word' id='word_1_68' title='bbox 1520 1314 1930 1402; x_wconf 79' lang='lat' dir='ltr'>facillimum,</span> <span class='ocrx_word' id='word_1_69' title='bbox 1957 1326 2204 1389; x_wconf 69' lang='lat' dir='ltr'>&#39;tamen</span> <span class='ocrx_word' id='word_1_70' title='bbox 2239 1318 2395 1388; x_wconf 81' lang='lat' dir='ltr'>salu·</span> 
     </span>
     <span class='ocr_line' id='line_1_10' title="bbox 289 1410 2392 1516; baseline -0.001 -23"><span class='ocrx_word' id='word_1_71' title='bbox 289 1421 602 1493; x_wconf 89' lang='lat' dir='ltr'>britatem</span> <span class='ocrx_word' id='word_1_72' title='bbox 649 1420 845 1489; x_wconf 85' lang='lat' dir='ltr'>nimis</span> <span class='ocrx_word' id='word_1_73' title='bbox 887 1414 1082 1487; x_wconf 71' lang='lat' dir='ltr'>arstis</span> <span class='ocrx_word' id='word_1_74' title='bbox 1125 1414 1370 1488; x_wconf 77' lang='lat' dir='ltr'>finibus</span> <span class='ocrx_word' id='word_1_75' title='bbox 1400 1410 1820 1508; x_wconf 84' lang='lat' dir='ltr'>constringit,</span> <span class='ocrx_word' id='word_1_76' title='bbox 1868 1434 2081 1491; x_wconf 85' lang='lat' dir='ltr'>totam</span> <span class='ocrx_word' id='word_1_77' title='bbox 2128 1444 2392 1516; x_wconf 81' lang='lat' dir='ltr'>ponens</span> 
     </span>
     <span class='ocr_line' id='line_1_11' title="bbox 288 1512 2397 1621; baseline 0 -26"><span class='ocrx_word' id='word_1_78' title='bbox 288 1528 359 1596; x_wconf 86' lang='lat' dir='ltr'>in</span> <span class='ocrx_word' id='word_1_79' title='bbox 394 1522 742 1621; x_wconf 87' lang='lat' dir='ltr'>perspicua</span> <span class='ocrx_word' id='word_1_80' title='bbox 776 1534 849 1590; x_wconf 85' lang='lat' dir='ltr'>et</span> <span class='ocrx_word' id='word_1_81' title='bbox 888 1532 1210 1616; x_wconf 80' lang='lat' dir='ltr'>perpetua</span> <span class='ocrx_word' id='word_1_82' title='bbox 1253 1512 1662 1590; x_wconf 72' lang='lat' dir='ltr'>seiunstione</span> <span class='ocrx_word' id='word_1_83' title='bbox 1691 1517 2076 1609; x_wconf 80' lang='lat' dir='ltr'>ludaeorum</span> <span class='ocrx_word' id='word_1_84' title='bbox 2120 1520 2201 1593; x_wconf 86' lang='lat' dir='ltr'>ab</span> <span class='ocrx_word' id='word_1_85' title='bbox 2235 1546 2397 1613; x_wconf 86' lang='lat' dir='ltr'>gen·</span> 
     </span>
     <span class='ocr_line' id='line_1_12' title="bbox 293 1620 2395 1717; baseline -0.001 -19"><span class='ocrx_word' id='word_1_86' title='bbox 293 1625 474 1698; x_wconf 86' lang='lat' dir='ltr'>tibus</span> <span class='ocrx_word' id='word_1_87' title='bbox 506 1626 773 1705; x_wconf 75' lang='lat' dir='ltr'>ceteris,</span> <span class='ocrx_word' id='word_1_88' title='bbox 820 1646 990 1717; x_wconf 81' lang='lat' dir='ltr'>quae</span> <span class='ocrx_word' id='word_1_89' title='bbox 1020 1624 1291 1692; x_wconf 84' lang='lat' dir='ltr'>veritate</span> <span class='ocrx_word' id='word_1_90' title='bbox 1320 1620 1663 1710; x_wconf 75' lang='lat' dir='ltr'>religionis</span> <span class='ocrx_word' id='word_1_91' title='bbox 1692 1640 2022 1706; x_wconf 79' lang='lat' dir='ltr'>carerent,</span> <span class='ocrx_word' id='word_1_92' title='bbox 2085 1641 2156 1695; x_wconf 88' lang='lat' dir='ltr'>et</span> <span class='ocrx_word' id='word_1_93' title='bbox 2180 1649 2395 1695; x_wconf 86' lang='lat' dir='ltr'>reme·</span> 
     </span>
     <span class='ocr_line' id='line_1_13' title="bbox 280 1719 2400 1819; baseline -0.001 -21"><span class='ocrx_word' id='word_1_94' title='bbox 280 1726 412 1798; x_wconf 64' lang='lat' dir='ltr'>‘dio</span> <span class='ocrx_word' id='word_1_95' title='bbox 441 1725 907 1815; x_wconf 57' lang='lat' dir='ltr'>idololatriae,</span> <span class='ocrx_word' id='word_1_96' title='bbox 942 1725 1131 1793; x_wconf 87' lang='lat' dir='ltr'>cuius</span> <span class='ocrx_word' id='word_1_97' title='bbox 1165 1724 1508 1819; x_wconf 79' lang='lat' dir='ltr'>vtriusque</span> <span class='ocrx_word' id='word_1_98' title='bbox 1549 1719 1986 1793; x_wconf 73' lang='lat' dir='ltr'>necessitatem</span> <span class='ocrx_word' id='word_1_99' title='bbox 2030 1729 2110 1797; x_wconf 79' lang='lat' dir='ltr'>ad</span> <span class='ocrx_word' id='word_1_100' title='bbox 2141 1725 2400 1797; x_wconf 76' lang='lat' dir='ltr'>conser-</span> 
     </span>
     <span class='ocr_line' id='line_1_14' title="bbox 295 1821 2396 1917; baseline -0 -17"><span class='ocrx_word' id='word_1_101' title='bbox 295 1826 572 1901; x_wconf 80' lang='lat' dir='ltr'>vandam</span> <span class='ocrx_word' id='word_1_102' title='bbox 620 1830 690 1896; x_wconf 83' lang='lat' dir='ltr'>in</span> <span class='ocrx_word' id='word_1_103' title='bbox 730 1826 842 1896; x_wconf 85' lang='lat' dir='ltr'>illa</span> <span class='ocrx_word' id='word_1_104' title='bbox 881 1841 1089 1917; x_wconf 83' lang='lat' dir='ltr'>gente</span> <span class='ocrx_word' id='word_1_105' title='bbox 1142 1825 1537 1915; x_wconf 81' lang='lat' dir='ltr'>religionem</span> <span class='ocrx_word' id='word_1_106' title='bbox 1586 1848 1810 1895; x_wconf 81' lang='lat' dir='ltr'>veram</span> <span class='ocrx_word' id='word_1_107' title='bbox 1853 1821 2026 1896; x_wconf 88' lang='lat' dir='ltr'>bene</span> <span class='ocrx_word' id='word_1_108' title='bbox 2077 1826 2396 1900; x_wconf 84' lang='lat' dir='ltr'>defendit.</span> 
     </span>
     <span class='ocr_line' id='line_1_15' title="bbox 293 1912 2397 2027; baseline -0.001 -24"><span class='ocrx_word' id='word_1_109' title='bbox 293 1937 525 2027; x_wconf 81' lang='lat' dir='ltr'>Itaque</span> <span class='ocrx_word' id='word_1_110' title='bbox 553 1953 695 2001; x_wconf 91' lang='lat' dir='ltr'>non</span> <span class='ocrx_word' id='word_1_111' title='bbox 723 1928 1011 1998; x_wconf 64' lang='lat' dir='ltr'>Alienum</span> <span class='ocrx_word' id='word_1_112' title='bbox 1042 1930 1447 2025; x_wconf 71' lang='lat' dir='ltr'>putauimuS,</span> <span class='ocrx_word' id='word_1_113' title='bbox 1477 1926 1660 1996; x_wconf 86' lang='lat' dir='ltr'>hunc</span> <span class='ocrx_word' id='word_1_114' title='bbox 1685 1927 1912 1999; x_wconf 88' lang='lat' dir='ltr'>locum</span> <span class='ocrx_word' id='word_1_115' title='bbox 1935 1912 2159 2001; x_wconf 70' lang='lat' dir='ltr'>nost‘ro</span> <span class='ocrx_word' id='word_1_116' title='bbox 2189 1929 2397 2002; x_wconf 89' lang='lat' dir='ltr'>modo</span> 
     </span>
     <span class='ocr_line' id='line_1_16' title="bbox 293 2035 634 2132; baseline -0.012 -27"><span class='ocrx_word' id='word_1_117' title='bbox 293 2035 634 2132; x_wconf 82' lang='lat' dir='ltr'>explicare.</span> 
     </span>
    </p>

    <p class='ocr_par' dir='ltr' id='par_1_3' title="bbox 293 2128 2401 2931">
     <span class='ocr_line' id='line_1_17' title="bbox 444 2128 2399 2232; baseline 0 -27"><span class='ocrx_word' id='word_1_118' title='bbox 444 2144 560 2222; x_wconf 87' lang='lat'>96.</span> <span class='ocrx_word' id='word_1_119' title='bbox 627 2135 715 2202; x_wconf 88' lang='lat' dir='ltr'>Et</span> <span class='ocrx_word' id='word_1_120' title='bbox 761 2132 827 2200; x_wconf 90' lang='lat' dir='ltr'>in</span> <span class='ocrx_word' id='word_1_121' title='bbox 871 2134 1212 2203; x_wconf 78' lang='lat' dir='ltr'>innocentia</span> <span class='ocrx_word' id='word_1_122' title='bbox 1254 2128 1522 2225; x_wconf 87' lang='lat' dir='ltr'>quidem</span> <span class='ocrx_word' id='word_1_123' title='bbox 1561 2129 1833 2219; x_wconf 78' lang='lat' dir='ltr'>longam</span> <span class='ocrx_word' id='word_1_124' title='bbox 1876 2128 2399 2232; x_wconf 84' lang='lat' dir='ltr'>disputationem</span> 
     </span>
     <span class='ocr_line' id='line_1_18' title="bbox 293 2229 2399 2334; baseline -0.001 -25"><span class='ocrx_word' id='word_1_125' title='bbox 293 2237 772 2334; x_wconf 87' lang='lat' dir='ltr'>superuacuam</span> <span class='ocrx_word' id='word_1_126' title='bbox 813 2230 971 2302; x_wconf 82' lang='lat' dir='ltr'>facit</span> <span class='ocrx_word' id='word_1_127' title='bbox 999 2248 1067 2302; x_wconf 86' lang='lat' dir='ltr'>et</span> <span class='ocrx_word' id='word_1_128' title='bbox 1108 2234 1201 2302; x_wconf 89' lang='lat' dir='ltr'>rei</span> <span class='ocrx_word' id='word_1_129' title='bbox 1246 2229 1443 2329; x_wconf 74' lang='lat' dir='ltr'>ipsius</span> <span class='ocrx_word' id='word_1_130' title='bbox 1488 2234 1943 2329; x_wconf 75' lang='lat' dir='ltr'>perspicuitaS‚</span> <span class='ocrx_word' id='word_1_131' title='bbox 2003 2253 2074 2306; x_wconf 87' lang='lat' dir='ltr'>et</span> <span class='ocrx_word' id='word_1_132' title='bbox 2121 2232 2399 2307; x_wconf 77' lang='lat' dir='ltr'>instituti</span> 
     </span>
     <span class='ocr_line' id='line_1_19' title="bbox 297 2332 2399 2433; baseline -0.001 -23"><span class='ocrx_word' id='word_1_133' title='bbox 297 2336 499 2410; x_wconf 85' lang='lat' dir='ltr'>nostri</span> <span class='ocrx_word' id='word_1_134' title='bbox 527 2340 736 2420; x_wconf 86' lang='lat' dir='ltr'>ratio,</span> <span class='ocrx_word' id='word_1_135' title='bbox 804 2332 986 2430; x_wconf 88' lang='lat' dir='ltr'>quod</span> <span class='ocrx_word' id='word_1_136' title='bbox 998 2335 1445 2433; x_wconf 72' lang='lat' dir='ltr'>fhlubritatem</span> <span class='ocrx_word' id='word_1_137' title='bbox 1474 2338 1677 2425; x_wconf 76' lang='lat' dir='ltr'>magis</span> <span class='ocrx_word' id='word_1_138' title='bbox 1712 2337 2010 2425; x_wconf 79' lang='lat' dir='ltr'>attingit,</span> <span class='ocrx_word' id='word_1_139' title='bbox 2074 2363 2268 2433; x_wconf 88' lang='lat' dir='ltr'>quam</span> <span class='ocrx_word' id='word_1_140' title='bbox 2300 2341 2399 2407; x_wconf 90' lang='lat' dir='ltr'>in-</span> 
     </span>
     <span class='ocr_line' id='line_1_20' title="bbox 294 2435 2401 2534; baseline -0.003 -20"><span class='ocrx_word' id='word_1_141' title='bbox 294 2442 717 2522; x_wconf 82' lang='lat' dir='ltr'>nocentiam3</span> <span class='ocrx_word' id='word_1_142' title='bbox 776 2460 1175 2534; x_wconf 81' lang='lat' dir='ltr'>quamquam</span> <span class='ocrx_word' id='word_1_143' title='bbox 1218 2436 1320 2508; x_wconf 85' lang='lat' dir='ltr'>illa</span> <span class='ocrx_word' id='word_1_144' title='bbox 1362 2439 1430 2507; x_wconf 87' lang='lat' dir='ltr'>in</span> <span class='ocrx_word' id='word_1_145' title='bbox 1479 2437 1671 2507; x_wconf 84' lang='lat' dir='ltr'>huius</span> <span class='ocrx_word' id='word_1_146' title='bbox 1704 2436 1908 2506; x_wconf 83' lang='lat' dir='ltr'>veluti</span> <span class='ocrx_word' id='word_1_147' title='bbox 1949 2435 2401 2508; x_wconf 75' lang='lat' dir='ltr'>fundamentis</span> 
     </span>
     <span class='ocr_line' id='line_1_21' title="bbox 297 2538 2400 2626; baseline -0.003 -9"><span class='ocrx_word' id='word_1_148' title='bbox 297 2540 607 2617; x_wconf 80' lang='lat' dir='ltr'>confistit.</span> <span class='ocrx_word' id='word_1_149' title='bbox 680 2544 858 2610; x_wconf 85' lang='lat' dir='ltr'>Nam</span> <span class='ocrx_word' id='word_1_150' title='bbox 889 2553 1102 2610; x_wconf 89' lang='lat' dir='ltr'>totam</span> <span class='ocrx_word' id='word_1_151' title='bbox 1134 2538 1311 2610; x_wconf 81' lang='lat' dir='ltr'>illam</span> <span class='ocrx_word' id='word_1_152' title='bbox 1338 2541 1849 2610; x_wconf 81' lang='lat' dir='ltr'>cerimoniarum</span> <span class='ocrx_word' id='word_1_153' title='bbox 1881 2539 2400 2626; x_wconf 78' lang='lat' dir='ltr'>multitudinem,</span> 
     </span>
     <span class='ocr_line' id='line_1_22' title="bbox 295 2633 2399 2747; baseline -0.003 -29"><span class='ocrx_word' id='word_1_154' title='bbox 295 2644 521 2747; x_wconf 86' lang='lat' dir='ltr'>quoad</span> <span class='ocrx_word' id='word_1_155' title='bbox 565 2645 640 2712; x_wconf 83' lang='lat' dir='ltr'>iis</span> <span class='ocrx_word' id='word_1_156' title='bbox 683 2641 1095 2735; x_wconf 85' lang='lat' dir='ltr'>acquieuerit</span> <span class='ocrx_word' id='word_1_157' title='bbox 1136 2640 1474 2713; x_wconf 62' lang='lat' dir='ltr'>Israelitica</span> <span class='ocrx_word' id='word_1_158' title='bbox 1521 2643 1737 2722; x_wconf 86' lang='lat' dir='ltr'>natio,</span> <span class='ocrx_word' id='word_1_159' title='bbox 1800 2665 1928 2711; x_wconf 87' lang='lat' dir='ltr'>nee</span> <span class='ocrx_word' id='word_1_160' title='bbox 1965 2641 2045 2732; x_wconf 83' lang='lat' dir='ltr'>ab</span> <span class='ocrx_word' id='word_1_161' title='bbox 2089 2644 2163 2712; x_wconf 82' lang='lat' dir='ltr'>iis</span> <span class='ocrx_word' id='word_1_162' title='bbox 2208 2643 2273 2713; x_wconf 90' lang='lat' dir='ltr'>se</span> <span class='ocrx_word' id='word_1_163' title='bbox 2315 2633 2399 2712; x_wconf 89' lang='lat' dir='ltr'>ad</span> 
     </span>
     <span class='ocr_line' id='line_1_23' title="bbox 297 2738 2400 2838; baseline -0.003 -17"><span class='ocrx_word' id='word_1_164' title='bbox 297 2750 460 2821; x_wconf 81' lang='lat' dir='ltr'>alios</span> <span class='ocrx_word' id='word_1_165' title='bbox 486 2751 654 2817; x_wconf 79' lang='lat' dir='ltr'>ritus</span> <span class='ocrx_word' id='word_1_166' title='bbox 688 2741 940 2814; x_wconf 78' lang='lat' dir='ltr'>traduci</span> <span class='ocrx_word' id='word_1_167' title='bbox 987 2739 1157 2836; x_wconf 67' lang='lat' dir='ltr'>pulsa</span> <span class='ocrx_word' id='word_1_168' title='bbox 1187 2739 1289 2826; x_wconf 84' lang='lat' dir='ltr'>fit,</span> <span class='ocrx_word' id='word_1_169' title='bbox 1346 2744 1746 2813; x_wconf 86' lang='lat' dir='ltr'>inuiolatum</span> <span class='ocrx_word' id='word_1_170' title='bbox 1786 2738 2112 2838; x_wconf 81' lang='lat' dir='ltr'>reliquisse</span> <span class='ocrx_word' id='word_1_171' title='bbox 2164 2766 2400 2814; x_wconf 85' lang='lat' dir='ltr'>verum</span> 
     </span>
     <span class='ocr_line' id='line_1_24' title="bbox 298 2839 2399 2931; baseline -0.003 -8"><span class='ocrx_word' id='word_1_172' title='bbox 298 2853 385 2924; x_wconf 86' lang='lat' dir='ltr'>de</span> <span class='ocrx_word' id='word_1_173' title='bbox 407 2855 558 2922; x_wconf 88' lang='lat' dir='ltr'>Deo</span> <span class='ocrx_word' id='word_1_174' title='bbox 585 2870 738 2931; x_wconf 83' lang='lat' dir='ltr'>vno,</span> <span class='ocrx_word' id='word_1_175' title='bbox 760 2839 1091 2929; x_wconf 74' lang='lat' dir='ltr'>inuisibili,</span> <span class='ocrx_word' id='word_1_176' title='bbox 1140 2844 1370 2914; x_wconf 89' lang='lat' dir='ltr'>mundi</span> <span class='ocrx_word' id='word_1_177' title='bbox 1399 2841 1687 2930; x_wconf 67' lang='lat' dir='ltr'>austere,</span> <span class='ocrx_word' id='word_1_178' title='bbox 1735 2860 1806 2913; x_wconf 87' lang='lat' dir='ltr'>et</span> <span class='ocrx_word' id='word_1_179' title='bbox 1837 2867 2061 2915; x_wconf 87' lang='lat' dir='ltr'>rerum</span> <span class='ocrx_word' id='word_1_180' title='bbox 2095 2849 2399 2917; x_wconf 85' lang='lat' dir='ltr'>omnium</span> 
     </span>
    </p>
   </div>
   <div class='ocr_carea' id='block_1_3' title="bbox 295 2937 2525 3046">
    <p class='ocr_par' dir='ltr' id='par_1_4' title="bbox 295 2937 2525 3046">
     <span class='ocr_line' id='line_1_25' title="bbox 295 2937 2525 3046; baseline -0.004 -22"><span class='ocrx_word' id='word_1_181' title='bbox 295 2952 802 3030; x_wconf 82' lang='lat' dir='ltr'>conseruatore‚</span> <span class='ocrx_word' id='word_1_182' title='bbox 858 2943 1142 3032; x_wconf 82' lang='lat' dir='ltr'>sensum,</span> <span class='ocrx_word' id='word_1_183' title='bbox 1185 2970 1406 3041; x_wconf 88' lang='lat' dir='ltr'>eoque</span> <span class='ocrx_word' id='word_1_184' title='bbox 1428 2946 1514 3014; x_wconf 89' lang='lat' dir='ltr'>de</span> <span class='ocrx_word' id='word_1_185' title='bbox 1544 2946 1946 3042; x_wconf 88' lang='lat' dir='ltr'>praescripto</span> <span class='ocrx_word' id='word_1_186' title='bbox 1976 2944 2209 3044; x_wconf 69' lang='lat' dir='ltr'>ipsiiw,</span> <span class='ocrx_word' id='word_1_187' title='bbox 2268 2952 2403 3046; x_wconf 82' lang='lat' dir='ltr'>pie·</span> <span class='ocrx_word' id='word_1_188' title='bbox 2521 2937 2525 2954; x_wconf 65' lang='lat'>⁸</span> 
     </span>
    </p>
   </div>
   <div class='ocr_carea' id='block_1_4' title="bbox 208 3046 2482 4354">
    <p class='ocr_par' dir='ltr' id='par_1_5' title="bbox 208 3046 2482 4354">
     <span class='ocr_line' id='line_1_26' title="bbox 208 3046 2398 3147; baseline -0.004 -19"><span class='ocrx_word' id='word_1_189' title='bbox 208 3105 215 3116; x_wconf 85' lang='lat'><em>,</em></span> <span class='ocrx_word' id='word_1_190' title='bbox 299 3070 472 3135; x_wconf 80' lang='lat' dir='ltr'>tate,</span> <span class='ocrx_word' id='word_1_191' title='bbox 540 3048 956 3126; x_wconf 76' lang='lat' dir='ltr'>obedientia,</span> <span class='ocrx_word' id='word_1_192' title='bbox 1017 3063 1090 3118; x_wconf 87' lang='lat' dir='ltr'>et</span> <span class='ocrx_word' id='word_1_193' title='bbox 1118 3050 1365 3119; x_wconf 86' lang='lat' dir='ltr'>virtute</span> <span class='ocrx_word' id='word_1_194' title='bbox 1393 3046 1711 3130; x_wconf 85' lang='lat' dir='ltr'>colendo,</span> <span class='ocrx_word' id='word_1_195' title='bbox 1776 3059 1880 3118; x_wconf 81' lang='lat' dir='ltr'>res</span> <span class='ocrx_word' id='word_1_196' title='bbox 1915 3050 2049 3147; x_wconf 84' lang='lat' dir='ltr'>ipsa</span> <span class='ocrx_word' id='word_1_197' title='bbox 2078 3047 2398 3121; x_wconf 83' lang='lat' dir='ltr'>declarat:</span> 
     </span>
     <span class='ocr_line' id='line_1_27' title="bbox 285 3148 2401 3247; baseline -0.004 -18"><span class='ocrx_word' id='word_1_198' title='bbox 285 3181 431 3229; x_wconf 80' lang='lat' dir='ltr'>-nec</span> <span class='ocrx_word' id='word_1_199' title='bbox 458 3177 535 3228; x_wconf 81' lang='lat' dir='ltr'>ea</span> <span class='ocrx_word' id='word_1_200' title='bbox 563 3175 677 3222; x_wconf 79' lang='lat' dir='ltr'>res·</span> <span class='ocrx_word' id='word_1_201' title='bbox 698 3152 892 3222; x_wconf 82' lang='lat' dir='ltr'>vllam</span> <span class='ocrx_word' id='word_1_202' title='bbox 924 3148 1403 3222; x_wconf 81' lang='lat' dir='ltr'>dubitationem</span> <span class='ocrx_word' id='word_1_203' title='bbox 1436 3148 1656 3247; x_wconf 81' lang='lat' dir='ltr'>potest</span> <span class='ocrx_word' id='word_1_204' title='bbox 1689 3148 1951 3221; x_wconf 80' lang='lat' dir='ltr'>habere.</span> <span class='ocrx_word' id='word_1_205' title='bbox 2057 3153 2247 3223; x_wconf 85' lang='lat' dir='ltr'>Nihil</span> <span class='ocrx_word' id='word_1_206' title='bbox 2281 3154 2401 3243; x_wconf 84' lang='lat' dir='ltr'>igi·</span> 
     </span>
     <span class='ocr_line' id='line_1_28' title="bbox 297 3249 2404 3340; baseline -0.006 -8"><span class='ocrx_word' id='word_1_207' title='bbox 297 3276 414 3331; x_wconf 91' lang='lat' dir='ltr'>tur</span> <span class='ocrx_word' id='word_1_208' title='bbox 441 3257 555 3327; x_wconf 89' lang='lat' dir='ltr'>hic</span> <span class='ocrx_word' id='word_1_209' title='bbox 580 3256 716 3324; x_wconf 86' lang='lat' dir='ltr'>vitii</span> <span class='ocrx_word' id='word_1_210' title='bbox 749 3249 872 3340; x_wconf 88' lang='lat' dir='ltr'>est,</span> <span class='ocrx_word' id='word_1_211' title='bbox 939 3251 1045 3322; x_wconf 89' lang='lat' dir='ltr'>sed</span> <span class='ocrx_word' id='word_1_212' title='bbox 1075 3253 1338 3324; x_wconf 78' lang='lat' dir='ltr'>innoxia</span> <span class='ocrx_word' id='word_1_213' title='bbox 1368 3257 1612 3324; x_wconf 84' lang='lat' dir='ltr'>omnia.</span> <span class='ocrx_word' id='word_1_214' title='bbox 1765 3257 1933 3324; x_wconf 81' lang='lat' dir='ltr'>Cum</span> <span class='ocrx_word' id='word_1_215' title='bbox 1964 3271 2189 3323; x_wconf 90' lang='lat' dir='ltr'>autem</span> <span class='ocrx_word' id='word_1_216' title='bbox 2238 3255 2404 3322; x_wconf 81' lang='lat' dir='ltr'>haee</span> 
     </span>
     <span class='ocr_line' id='line_1_29' title="bbox 297 3347 2402 3451; baseline -0.006 -17"><span class='ocrx_word' id='word_1_217' title='bbox 297 3358 380 3434; x_wconf 81' lang='lat' dir='ltr'>fit</span> <span class='ocrx_word' id='word_1_218' title='bbox 405 3357 670 3432; x_wconf 78' lang='lat' dir='ltr'>indoles</span> <span class='ocrx_word' id='word_1_219' title='bbox 703 3356 954 3447; x_wconf 84' lang='lat' dir='ltr'>ingenii</span> <span class='ocrx_word' id='word_1_220' title='bbox 994 3355 1305 3436; x_wconf 85' lang='lat' dir='ltr'>humani,</span> <span class='ocrx_word' id='word_1_221' title='bbox 1357 3354 1728 3451; x_wconf 78' lang='lat' dir='ltr'>praesertim</span> <span class='ocrx_word' id='word_1_222' title='bbox 1759 3352 1998 3450; x_wconf 86' lang='lat' dir='ltr'>plebeii</span> <span class='ocrx_word' id='word_1_223' title='bbox 2028 3374 2098 3424; x_wconf 89' lang='lat' dir='ltr'>et</span> <span class='ocrx_word' id='word_1_224' title='bbox 2127 3347 2402 3438; x_wconf 75' lang='lat' dir='ltr'>indoffi,</span> 
     </span>
     <span class='ocr_line' id='line_1_30' title="bbox 298 3452 2401 3546; baseline -0.004 -12"><span class='ocrx_word' id='word_1_225' title='bbox 298 3484 375 3535; x_wconf 79' lang='lat' dir='ltr'>vt</span> <span class='ocrx_word' id='word_1_226' title='bbox 400 3456 820 3532; x_wconf 72' lang='lat' dir='ltr'>adhaerescat</span> <span class='ocrx_word' id='word_1_227' title='bbox 847 3454 1045 3527; x_wconf 85' lang='lat' dir='ltr'>rebus</span> <span class='ocrx_word' id='word_1_228' title='bbox 1077 3453 1474 3528; x_wconf 79' lang='lat' dir='ltr'>sensibilibus</span> <span class='ocrx_word' id='word_1_229' title='bbox 1492 3509 1509 3540; x_wconf 88' lang='lat'>,</span> <span class='ocrx_word' id='word_1_230' title='bbox 1561 3455 1851 3526; x_wconf 85' lang='lat' dir='ltr'>oblitum</span> <span class='ocrx_word' id='word_1_231' title='bbox 1881 3452 2401 3546; x_wconf 84' lang='lat' dir='ltr'>intelligibilium</span> 
     </span>
     <span class='ocr_line' id='line_1_31' title="bbox 305 3553 2402 3655; baseline -0.002 -22"><span class='ocrx_word' id='word_1_232' title='bbox 305 3581 375 3633; x_wconf 88' lang='lat' dir='ltr'>et</span> <span class='ocrx_word' id='word_1_233' title='bbox 397 3556 780 3633; x_wconf 85' lang='lat' dir='ltr'>coelestium</span> <span class='ocrx_word' id='word_1_234' title='bbox 801 3615 816 3645; x_wconf 91' lang='lat'>,</span> <span class='ocrx_word' id='word_1_235' title='bbox 862 3562 927 3631; x_wconf 88' lang='lat' dir='ltr'>in</span> <span class='ocrx_word' id='word_1_236' title='bbox 958 3558 1219 3655; x_wconf 83' lang='lat' dir='ltr'>illisque</span> <span class='ocrx_word' id='word_1_237' title='bbox 1249 3573 1458 3629; x_wconf 84' lang='lat' dir='ltr'>totam</span> <span class='ocrx_word' id='word_1_238' title='bbox 1492 3558 1876 3649; x_wconf 85' lang='lat' dir='ltr'>religionem</span> <span class='ocrx_word' id='word_1_239' title='bbox 1901 3572 1969 3624; x_wconf 86' lang='lat' dir='ltr'>et</span> <span class='ocrx_word' id='word_1_240' title='bbox 1993 3553 2402 3629; x_wconf 55' lang='lat' dir='ltr'>sanititatem</span> 
     </span>
     <span class='ocr_line' id='line_1_32' title="bbox 305 3651 2401 3762; baseline -0.004 -28"><span class='ocrx_word' id='word_1_241' title='bbox 305 3679 547 3762; x_wconf 80' lang='lat' dir='ltr'>ponat,</span> <span class='ocrx_word' id='word_1_242' title='bbox 588 3678 660 3732; x_wconf 89' lang='lat' dir='ltr'>et</span> <span class='ocrx_word' id='word_1_243' title='bbox 687 3662 851 3760; x_wconf 84' lang='lat' dir='ltr'>poni</span> <span class='ocrx_word' id='word_1_244' title='bbox 884 3661 1139 3759; x_wconf 86' lang='lat' dir='ltr'>cupiat,</span> <span class='ocrx_word' id='word_1_245' title='bbox 1183 3677 1574 3758; x_wconf 87' lang='lat' dir='ltr'>propterea,</span> <span class='ocrx_word' id='word_1_246' title='bbox 1619 3655 1801 3754; x_wconf 84' lang='lat' dir='ltr'>quod</span> <span class='ocrx_word' id='word_1_247' title='bbox 1829 3651 2084 3727; x_wconf 78' lang='lat' dir='ltr'>facilius</span> <span class='ocrx_word' id='word_1_248' title='bbox 2116 3655 2226 3742; x_wconf 84' lang='lat' dir='ltr'>est,</span> <span class='ocrx_word' id='word_1_249' title='bbox 2254 3681 2401 3727; x_wconf 89' lang='lat' dir='ltr'>cor·</span> 
     </span>
     <span class='ocr_line' id='line_1_33' title="bbox 305 3753 2482 3865; baseline -0.003 -30"><span class='ocrx_word' id='word_1_250' title='bbox 305 3788 479 3865; x_wconf 82' lang='lat' dir='ltr'>pore</span> <span class='ocrx_word' id='word_1_251' title='bbox 507 3785 737 3852; x_wconf 86' lang='lat' dir='ltr'>agere,</span> <span class='ocrx_word' id='word_1_252' title='bbox 786 3765 978 3858; x_wconf 89' lang='lat' dir='ltr'>eique</span> <span class='ocrx_word' id='word_1_253' title='bbox 1020 3763 1381 3859; x_wconf 87' lang='lat' dir='ltr'>imperare,</span> <span class='ocrx_word' id='word_1_254' title='bbox 1425 3785 1622 3855; x_wconf 80' lang='lat' dir='ltr'>quarn</span> <span class='ocrx_word' id='word_1_255' title='bbox 1669 3762 1925 3830; x_wconf 89' lang='lat' dir='ltr'>animo:</span> <span class='ocrx_word' id='word_1_256' title='bbox 1984 3753 2255 3834; x_wconf 78' lang='lat' dir='ltr'>cautum</span> <span class='ocrx_word' id='word_1_257' title='bbox 2309 3755 2404 3829; x_wconf 88' lang='lat' dir='ltr'>est</span> <span class='ocrx_word' id='word_1_258' title='bbox 2477 3787 2482 3796; x_wconf 90' lang='lat'>·</span> 
     </span>
     <span class='ocr_line' id='line_1_34' title="bbox 304 3859 2401 3962; baseline -0.005 -24"><span class='ocrx_word' id='word_1_259' title='bbox 304 3868 410 3939; x_wconf 85' lang='lat' dir='ltr'>his</span> <span class='ocrx_word' id='word_1_260' title='bbox 439 3862 880 3934; x_wconf 82' lang='lat' dir='ltr'>incommodis</span> <span class='ocrx_word' id='word_1_261' title='bbox 910 3862 1271 3954; x_wconf 85' lang='lat' dir='ltr'>diligenter</span> <span class='ocrx_word' id='word_1_262' title='bbox 1299 3867 1364 3934; x_wconf 90' lang='lat' dir='ltr'>in</span> <span class='ocrx_word' id='word_1_263' title='bbox 1395 3863 1506 3932; x_wconf 81' lang='lat' dir='ltr'>illa</span> <span class='ocrx_word' id='word_1_264' title='bbox 1542 3859 1676 3959; x_wconf 86' lang='lat' dir='ltr'>ipsa</span> <span class='ocrx_word' id='word_1_265' title='bbox 1706 3860 2057 3953; x_wconf 84' lang='lat' dir='ltr'>religione,</span> <span class='ocrx_word' id='word_1_266' title='bbox 2084 3884 2401 3962; x_wconf 86' lang='lat' dir='ltr'>perprae-</span> 
     </span>
     <span class='ocr_line' id='line_1_35' title="bbox 308 3960 2402 4064; baseline -0.005 -26"><span class='ocrx_word' id='word_1_267' title='bbox 308 3981 508 4064; x_wconf 87' lang='lat' dir='ltr'>cepta</span> <span class='ocrx_word' id='word_1_268' title='bbox 536 3963 893 4046; x_wconf 85' lang='lat' dir='ltr'>eiusmodi,</span> <span class='ocrx_word' id='word_1_269' title='bbox 947 3989 1123 4057; x_wconf 86' lang='lat' dir='ltr'>quae</span> <span class='ocrx_word' id='word_1_270' title='bbox 1157 3966 1353 4062; x_wconf 82' lang='lat' dir='ltr'>plane</span> <span class='ocrx_word' id='word_1_271' title='bbox 1394 3980 1465 4034; x_wconf 88' lang='lat' dir='ltr'>et</span> <span class='ocrx_word' id='word_1_272' title='bbox 1509 3964 1727 4033; x_wconf 84' lang='lat' dir='ltr'>seuere</span> <span class='ocrx_word' id='word_1_273' title='bbox 1761 3960 2118 4050; x_wconf 69' lang='lat' dir='ltr'>docerent,</span> <span class='ocrx_word' id='word_1_274' title='bbox 2179 3968 2246 4034; x_wconf 93' lang='lat' dir='ltr'>in</span> <span class='ocrx_word' id='word_1_275' title='bbox 2274 3963 2402 4031; x_wconf 78' lang='lat' dir='ltr'>illis</span> 
     </span>
     <span class='ocr_line' id='line_1_36' title="bbox 305 4060 2403 4149; baseline -0.005 -7"><span class='ocrx_word' id='word_1_276' title='bbox 305 4066 692 4142; x_wconf 81' lang='lat' dir='ltr'>cerimoniis</span> <span class='ocrx_word' id='word_1_277' title='bbox 723 4088 859 4136; x_wconf 90' lang='lat' dir='ltr'>non</span> <span class='ocrx_word' id='word_1_278' title='bbox 887 4062 1010 4135; x_wconf 81' lang='lat' dir='ltr'>esse</span> <span class='ocrx_word' id='word_1_279' title='bbox 1040 4070 1394 4139; x_wconf 80' lang='lat' dir='ltr'>maximum</span> <span class='ocrx_word' id='word_1_280' title='bbox 1423 4064 1683 4136; x_wconf 90' lang='lat' dir='ltr'>cultum</span> <span class='ocrx_word' id='word_1_281' title='bbox 1715 4069 1857 4149; x_wconf 88' lang='lat' dir='ltr'>Dei,</span> <span class='ocrx_word' id='word_1_282' title='bbox 1888 4082 2002 4135; x_wconf 86' lang='lat' dir='ltr'>aut</span> <span class='ocrx_word' id='word_1_283' title='bbox 2026 4083 2262 4149; x_wconf 77' lang='lat' dir='ltr'>totum,</span> <span class='ocrx_word' id='word_1_284' title='bbox 2295 4060 2403 4133; x_wconf 88' lang='lat' dir='ltr'>sed</span> 
     </span>
     <span class='ocr_line' id='line_1_37' title="bbox 302 4162 2401 4269; baseline -0.005 -25"><span class='ocrx_word' id='word_1_285' title='bbox 302 4173 516 4267; x_wconf 88' lang='lat' dir='ltr'>longe</span> <span class='ocrx_word' id='word_1_286' title='bbox 538 4167 790 4239; x_wconf 76' lang='lat' dir='ltr'>maiora</span> <span class='ocrx_word' id='word_1_287' title='bbox 806 4162 931 4236; x_wconf 81' lang='lat' dir='ltr'>ess‘e</span> <span class='ocrx_word' id='word_1_288' title='bbox 952 4170 1240 4255; x_wconf 79' lang='lat' dir='ltr'>interna,</span> <span class='ocrx_word' id='word_1_289' title='bbox 1293 4194 1463 4269; x_wconf 78' lang='lat' dir='ltr'>quae</span> <span class='ocrx_word' id='word_1_290' title='bbox 1501 4187 1730 4238; x_wconf 83' lang='lat' dir='ltr'>mente</span> <span class='ocrx_word' id='word_1_291' title='bbox 1764 4182 1833 4237; x_wconf 87' lang='lat' dir='ltr'>et</span> <span class='ocrx_word' id='word_1_292' title='bbox 1873 4169 2094 4237; x_wconf 84' lang='lat' dir='ltr'>animo</span> <span class='ocrx_word' id='word_1_293' title='bbox 2124 4189 2401 4264; x_wconf 84' lang='lat' dir='ltr'>perage-</span> 
     </span>
     <span class='ocr_line' id='line_1_38' title="bbox 1653 4285 2400 4354; baseline -0.001 -13"><span class='ocrx_word' id='word_1_294' title='bbox 1653 4289 1660 4296; x_wconf 75' lang='lat'><strong>·</strong></span> <span class='ocrx_word' id='word_1_295' title='bbox 2145 4285 2400 4354; x_wconf 86' lang='lat' dir='ltr'>rentur,</span> 
     </span>
    </p>
   </div>
  </div>
 </body>
</html>
