2949 5023
892 435 1851 487 MvnATonlvs
2302 439 2397 512 51

284 623 502 699 ,quam
540 542 870 673 meh&
911 593 1360 692 superioribus
1408 594 1657 682 verbis,
1719 597 1873 677 satis
1921 593 2163 672 dmum
2200 604 2399 677 asa!-
2486 649 2496 665 -

284 703 490 801 ‚masto
540 698 637 777 de,
673 695 1420 784 transsubstantiatione,
1492 723 1559 796 p.
1608 723 1689 790 51
1739 700 1874 798 sqq.
1925 724 2094 795 quae
2153 699 2199 773 fi
2248 709 2397 802 quic
2491 730 2494 735 ¹

295 797 561 899 potest,
625 800 817 872 saluis
866 799 1336 872 Grammaticis
1374 802 1780 899 praeceptis,
1836 800 2178 889 refellere,
2246 831 2399 880 eum

291 903 693 989 audiemus,

442 1001 575 1073 Sed
619 999 864 1074 deinde
902 1016 1124 1081 tentat
1162 998 1564 1099 respondere
1608 1000 1690 1073 de
1732 1003 1895 1075 locis
1939 1001 2253 1097 singulis:
2327 1022 2396 1080 et

287 1108 594 1204 primum
624 1102 710 1175 de
742 1102 1167 1202 Chrysbstomi
1194 1102 1429 1174 verbis.
1541 1108 1618 1174 In
1649 1103 1885 1203 quibus
1913 1107 2127 1181 multo
2145 1111 2393 1202 potius

289 1207 491 1279 nobis
538 1208 694 1287 licet
724 1203 1032 1302 vsurpare
1068 1206 1231 1277 illud
1261 1209 1657 1285 Muratorii:
1723 1207 1855 1278 loci
1898 1207 2068 1279 illius
2112 1214 2245 1279 vim
2301 1215 2400 1281 ita‘

287 1301 706 1380 manifestam
743 1303 902 1391 effe,
958 1323 1028 1377 vt
1056 1305 1407 1383 absurdum
1437 1306 1632 1403 plane
1673 1303 1780 1393 sit,
1842 1308 2016 1381 aliud
2060 1309 2153 1381 ibi
2207 1309 2387 1408 quid,
2443 1328 2450 1337 ·

286 1435 495 1507 quarn
528 1411 973 1480 Lutberanam
1003 1408 1419 1496 sententiam,
1450 1432 1802 1506 quaerere,
1835 1432 1974 1480 eam
2017 1436 2153 1482 non
2183 1438 2387 1505 agno·
2447 1400 2450 1407 ³

284 1512 492 1583 scere.
640 1517 883 1608 Neque
912 1506 1022 1580 ista
1049 1534 1230 1581 mera
1258 1508 1452 1580 verba
1500 1509 1685 1591 sunt,
1742 1535 1908 1607 quae
1935 1508 2385 1608 sophistarum

284 1635 486 1684 more
512 1607 862 1694 instamus,
910 1611 1016 1682 vbi
1046 1611 1212 1684 nihil
1244 1610 1421 1682 aliud
1450 1606 1803 1692 habemuS,
1840 1610 2023 1707 quod
2059 1611 2383 1686 dicamus:

286 1710 411 1785 sed
451 1739 569 1785 res*
602 1712 729 1810 ipsa
776 1713 912 1786 hoc
951 1712 1281 1808 loquitur,
1357 1726 1425 1785 et
1472 1707 1741 1783 historia
1800 1711 1992 1783 huius
2047 1711 2382 1812 epistolae.

280 1821 478 1889 Nam
527 1810 575 1884 si
624 1839 764 1885 non
824 1810 1160 1887 manifeste
1208 1808 1941 1886 transsubstantiationis
1982 1809 2386 1907 figmentum

277 1914 597 1989 tonitistn
627 1910 932 2013 epistola,
987 1940 1226 2012 quare,
1271 1918 1590 2012 primum,
1650 1912 1729 1985 ab
1761 1916 1955 1986 initio
1992 1915 2159 1986 nihil
2203 1916 2383 1988 aliud

280 2019 672 2114 responsum
705 2012 798 2086 est
827 2041 862 2087 a
889 2018 1204 2090 Peru-onio
1237 2032 1307 2087 et
1345 2016 1513 2100 aliis,
1577 2040 1768 2113 qnam
1814 2010 2159 2113 epistolam
2203 2017 2383 2089 illam

280 2145 322 2190 a
353 2123 555 2192 Petro
574 2122 885 2217 Mar-tyre
914 2115 1038 2189 effe
1070 2115 1472 2191 consistam?
1521 2141 1725 2213 ‘quare
1756 2115 1995 2191 deinde
2027 2119 2162 2191 hoc
2190 2133 2378 2190 tanto

276 2218 535 2308 studio,
587 2236 768 2292 tanta
797 2243 983 2305 cura,
1032 2219 1197 2292 adde
1218 2222 1428 2291 etiam
1459 2220 1543 2303 vi,
1597 2213 1816 2287 assum
1850 2215 1958 2307 est,
2003 2235 2073 2289 vt
2103 2215 2381 2317 epistola

277 2323 395 2411 illa
421 2325 490 2394 in
519 2322 936 2394 Bibliotheca
965 2322 1347 2394 Florentino
1380 2318 1834 2392 occultaretur
1853 2371 1871 2402 ,
1928 2317 2096 2391 edita
2128 2323 2380 2418 suppri-

273 2427 629 2497 meretur?
689 2426 916 2506 Quare
943 2420 1090 2521 post
1122 2424 1282 2494 haec
1316 2436 1670 2519 tantopere
1696 2417 2100 2504 laboratum,
2160 2436 2235 2491 vt
2275 2420 2380 2491 vel

278 2529 501 2623 spuria
531 2542 913 2623 putaretur,
965 2527 1068 2596 vel
1099 2527 1291 2597 aliter
1318 2525 1850 2616 intelligeretur?
1920 2527 2181 2592 Nonne
2213 2521 2380 2592 haec

277 2626 468 2722 figna
490 2629 640 2699 sunt
679 2625 1158 2711 laborantium,
1225 2644 1293 2698 et
1335 2627 1423 2697 ob
1462 2624 1993 2723 perspicuitatem
2021 2617 2380 2693 &ethorum

278 2735 354 2804 in
387 2725 708 2822 angustias
738 2753 847 2800 eas
875 2724 1330 2809 redastorum‚
1394 2725 1569 2797 vnde
1607 2726 1670 2794 se
1702 2722 2009 2821 expedire
2049 2746 2185 2793 non
2231 2721 2380 2817 pos·

276 2829 454 2905 fint?
558 2837 805 2916 Turn,=
859 2828 1041 2927 quod
1082 2832 1276 2901 etiam
1322 2826 1790 2917 Zwinglianae
1839 2824 2074 2894 rationi
2118 2820 2373 2907 addisti,

174 2937 177 2946 ’
274 2934 1078 3031 nominatimBingamus,
1115 2931 1450 3015 fatentur,
1477 2928 1661 2999 hunc
1686 2926 1908 2998 locum
1940 2941 2123 2995 certe
2150 2924 2376 2997 fauere

277 3035 700 3109 Lutheranae
730 3032 1132 3117 sententiae;
1210 3056 1347 3103 non
1387 3030 1564 3101 clare
1595 3028 1875 3108 indicat,
1922 3028 2032 3097 hic
2061 3022 2189 3097 effe
2227 3052 2378 3099 eam

278 3135 846 3236 perspicuitatem,
926 3138 1031 3207 cui
1082 3131 1404 3227 refragari*
1436 3157 1592 3224 non¹
1631 3128 1877 3228 poffis'?
1981 3136 2129 3221 Age
2191 3153 2372 3212 vern,

277 3236 441 3336 quid
472 3234 689 3307 noster
717 3237 828 3307 hic
851 3236 1172 3308 molitur?
1270 3234 1468 3308 Nihil
1494 3233 1671 3305 aliud
1703 3224 2104 3329 exspectaui,
2167 3253 2376 3326 quam

194 3377 205 3380 -
274 3357 353 3412 vt
376 3394 397 3425 ,
450 3334 617 3410 ficut
646 3342 950 3437 antiquus
980 3339 1089 3408 ille
1118 3336 1547 3432 Aristarchus,
1604 3333 1824 3404 versus
1853 3333 2149 3412 Homeri,
2195 3353 2371 3425 quos

273 3465 423 3515 non
458 3437 798 3537 probabat,
847 3465 973 3536 pro
1006 3438 1236 3538 spuriis
1263 3436 1620 3519 reficiebat,
1661 3437 1747 3503 ita
1780 3431 1940 3529 ipse,
1992 3429 2179 3502 velut
2206 3430 2374 3500 alter

278 3544 728 3640 Arssanclms,
801 3538 1158 3637 Epistolam
1224 3539 1397 3610 hanc
1452 3534 1891 3633 Chryfhstomo
1951 3528 2372 3615 abiudicaret,

277 3650 403 3741 qui
452 3646 645 3714 etiam
690 3645 982 3722 Paulum
1027 3645 1096 3714 in
1140 3643 1477 3713 Anecdotis
1519 3640 1772 3710 Latinis
1811 3631 2018 3703 multa
2064 3628 2256 3702 verba
2299 3646 2371 3704 et

275 3747 530 3824 formas
567 3743 826 3816 dicendi
863 3742 1226 3825 abiudicat,
1280 3744 1472 3811 etiam
1523 3732 1955 3817 hemistichia,
2007 3758 2174 3828 quae
2212 3735 2370 3805 toti·

283 3846 440 3919 dem
484 3848 694 3918 literis
739 3845 890 3919 sunt
930 3850 1000 3917 in
1034 3844 1385 3936 virgiliana
1411 3835 1740 3924 Aeneide,
1803 3851 1870 3906 et
1906 3835 2065 3908 hinc
2108 3861 2147 3907 a
2177 3823 2373 3908 Paul·

274 3953 405 4024 lino
434 3951 736 4046 repetita.
803 3946 931 4019 Sed
957 3942 1220 4017 foa-tasse
1247 3946 1466 4015 noluit
1497 3940 1606 4012 fibi
1638 3937 1883 4035 aliquid
1918 3963 2126 4035 porro
2157 3961 2369 4028 nego·
2462 3963 2472 3977 ³

267 4048 491 4123 tiieffe
524 4075 677 4120 cum
698 4052 957 4132 Critica,
1008 4072 1177 4145 quae
1206 4044 1270 4116 se
1300 4049 1365 4117 in
1381 4044 1886 4139 Inscriptionum
1908 4045 2212 4136 Corpore
2226 4050 2368 4108 tam

271 4151 503 4252 saepe,
552 4168 688 4224 tam
719 4150 916 4224 foede
952 4146 1378 4320 fefellisset.D
1401 4155 1676 4245 Aequus
1706 4138 1801 4214 est
1843 4165 2007 4235 ergo
2040 4131 2366 4308 Epistoli‘ie

1428 4272 1473 4320 2
2203 4263 2272 4337 lp
2302 4263 2321 4308 Ι
2345 4270 2360 4310 :
