2949 5023
601 338 704 421 84
1363 349 1895 445 ‘ana-1³

585 519 905 580 mentum
931 499 1153 578 habet.
1203 509 1384 577 Nam
1419 503 1891 579 sacrificiorum
1923 506 2197 579 nomine
2226 503 2712 606 p'oss‘untetiam

597 607 887 702 intelligi
912 632 1184 704 preces,
1228 606 1453 679 laudes
1482 605 1750 680 diuinae
1769 662 1788 694 ,
1839 608 2216 681 oblationes
2245 613 2431 707 panis
2462 629 2533 682 et
2553 615 2711 694 vini.

597 734 770 809 quae
794 706 1104 783 sacrificia
1125 712 1347 780 vocari
1387 735 1426 778 a
1452 709 1827 794 veteribus,
1888 712 2277 807 qui'neget,
2328 710 2500 805 nibil
2552 712 2710 784 sciat

596 806 854 884 necesse
880 805 1002 895 est,
1042 826 1114 880 et
1140 805 1235 880 est
1264 810 1458 907 supra
1486 807 2034 882 demonstratum.
2119 818 2275 881 Nec
2303 812 2493 883 locus
2521 812 2711 899 alter,

598 938 638 986 c
667 912 846 986 libris
871 927 1113 982 contra
1143 910 1436 997 celsum,
1494 913 1588 983 illi
1617 911 1864 1008 aliquid
1891 909 2155 983 roboris
2190 909 2555 997 addiderit3
2634 920 2707 985 in

595 1040 732 1114 quo
776 1007 1099 1096 Christus,
1177 1026 1250 1082 vt
1289 1010 1970 1098 summuswPontifex,
2041 1037 2264 1105 preces
2297 1027 2368 1128 et·
2388 1014 2707 1110 sacrfficffi
2844 1012 2869 1051 ·,

593 1111 2706 1314 3525,P‘gssz‘ssffi‘a‘ss‘zntssffffi'?3222f13423¹¹32⁰5952

595 1335 667 1389 et
698 1316 784 1388 de
813 1310 1018 1386 hostia
1046 1318 1351 1411 corporis
1379 1319 1557 1399 eiua,
1614 1341 1651 1387 a
1691 1314 2031 1389 sacerdote
2070 1316 2447 1389 immolata:
2555 1341 2703 1403 uae,

593 1416 642 1491 si
666 1417 873 1490 literis
899 1416 1091 1489 saeris
1118 1413 1282 1488 fides
1310 1411 1405 1488 est
1433 1415 1613 1514 apud
1639 1421 1999 1501 Romanoa,
2046 1441 2187 1489 non
2212 1414 2470 1513 indiget
2492 1343 2706 1517 iiiqua

592 1516 1185 1593 commendatione
1211 1534 1282 1590 et
1314 1518 1802 1616 deprecatione.
1852 1521 2216 1601 Enimuero
2244 1543 2360 1590 eae
2375 1543 2608 1617 preces
2628 1534 2704 1592 et

590 1617 897 1695 vistimae
927 1618 1080 1691 sunt
1104 1617 1629 1692 Christianorum
1656 1621 1979 1704 omnium,
2007 1642 2150 1691 non
2174 1617 2704 1695 sacrificulorum

589 1723 827 1809 modo,
858 1737 931 1793 vt
956 1739 1308 1793 contextus
1327 1721 1526 1819 plano
1539 1720 1855 1793 declarat:
1886 1745 2061 1819 quae
2076 1717 2385 1818 procho
2398 1719 2702 1817 indigent

590 1821 1187 1898 commendatione
1201 1822 1283 1892 ad
1299 1821 1594 1894 dextram
1611 1824 1741 1893 Dei
1768 1821 2055 1897 sedentia
2072 1825 2446 1894 seruatoris
2474 1821 2696 1895 nostri.

731 1920 1077 1996 Haaenus
1107 1924 1278 1997 nihil
1309 1925 1376 1994 in
1410 1920 1848 2023 scriptoribus
1877 1926 2087 1995 trium
2110 1925 2419 2022 priorum
2447 1921 2700 1996 seculo·

590 2051 744 2103 rum
788 2042 1167 2124 repertum,
1241 2023 1424 2124 quod
1461 2027 1927 2121 antiquitatem
1970 2029 2314 2095 Romanae
2355 2025 2699 2123 opinionis

590 2126 846 2201 firmet:
925 2143 996 2199 et
1029 2123 1230 2198 restat
1274 2152 1477 2212 vnua,
1556 2128 1670 2223 qui
1705 2124 1784 2196 ad
1840 2119 2296 2198 testimonium
2338 2122 2697 2201 dicendum

592 2227 988 2328 producitur
1006 2283 1022 2314 ‚
1102 2228 1490 2327 Cyprianus,
1566 2227 1757 2307 cuius
1813 2223 2017 2296 verba
2067 2223 2223 2298 sunt
2262 2224 2691 2324 'speciosiora

594 2329 726 2402 Sed
756 2332 942 2402 hunc
969 2354 1243 2428 quoque
1272 2328 1438 2400 nihil
1468 2322 1742 2399 statuisse
1769 2323 2103 2398 diuersum
2155 2350 2192 2398 a
2219 2324 2693 2423 superioribus,

592 2434 1034 2531 inprimisque
1078 2431 1494 2516 Tertulliano,
1572 2426 1680 2500 vel
1734 2428 1901 2500 illud
1943 2431 2194 2521 arguit,
2265 2429 2483 2526 quod-
2507 2431 2694 2503 hunc

590 2531 979 2629 magistrum
1038 2531 1244 2606 suum'
1293 2546 1524 2617 vocat,
1622 2533 1814 2603 cuius
1874 2528 2279 2628 disciplinam
2340 2528 2695 2627 diligenter

591 2637 920 2734 sequatur.
1028 2638 1264 2736 Itaque
1291 2630 1338 2704 {i
1367 2631 1527 2730 quid
1559 2629 1841 2731 amplius
1870 2629 2090 2704 dicere
2118 2631 2448 2719 videatur,
2491 2660 2693 2732 quam

591 2740 665 2810 in
691 2734 868 2808 istius
900 2735 1082 2829 libris
1112 2735 1195 2807 de
1222 2733 1544 2808 sacrificiis
1575 2730 2095 2806 Christianorum
2120 2733 2421 2821 traditur,
2448 2736 2533 2818 id,
2561 2761 2691 2835 pro

593 2840 867 2931 ingenio
895 2839 1192 2908 hominis
1222 2835 1540 2922 Africani,
1612 2832 1866 2907 dietum
1896 2835 2156 2923 durius,⁴
2218 2832 2332 2908 scd
2360 2838 2573 2909 lenius
2618 2855 2691 2911 ct

594 2965 635 3012 e
673 2939 1038 3011 Tertulliani
1065 2936 1398 3035 disciplina
1427 2935 1886 3034 explicandum
1916 2936 2200 3010 videtur.
2301 2939 2388 3018 Et
2436 2942 2688 3039 primua

527 3103 534 3108 ,
592 3039 867 3140 quidem
899 3039 1087 3111 locus
1115 3064 1150 3109 a
1168 3040 1539 3111 Muratorio
1552 3034 1933 3135 propositus
1961 3036 2054 3109 est
2069 3063 2147 3110 ex
2164 3035 2452 3138 Epistola
2471 3045 2691 3113 anl.

594 3142 676 3216 ad
705 3141 1034 3216 Caecilium
1052 3192 1068 3223 ,
1124 3142 1192 3211 in
1225 3164 1351 3236 qua
1384 3141 1679 3237 primum
1697 3191 1714 3225 ,
1779 3141 2062 3239 Christus
2085 3143 2237 3213 Deo
2271 3145 2467 3216 Patri
2480 3145 2688 3239 sineri·

573 3245 796 3343 ficium
836 3240 1141 3337 obtuliffe,
1225 3240 1495 3322 dicitur,
1558 3244 1713 3313 idem
1754 3251 1922 3339 quod
1955 3244 2454 3340 Melchisedecus,
2536 3249 2575 3315 i.
2629 3270 2682 3314 e.

577 3372 813 3445 panem
837 3356 898 3417 et
926 3349 1163 3426 vinum,
1183 3343 1618 3439 suumscilicet
1649 3365 1875 3438 corpus
1902 3347 2383 3443 etsimguinem:
2423 3342 2687 3432 deinde,

590 3453 748 3521 idern
769 3446 928 3542 fieri
951 3451 1019 3517 in
1042 3445 1155 3541 sui
1196 3449 1854 3532 commemorationem,
1900 3445 2317 3541 praecepisti:
2377 3439 2688 3543 denique,

573 3549 958 3644 sacerdotem
1000 3553 1128 3622 vice
1159 3545 1389 3642 Christi
1428 3570 1577 3617 vere
1598 3545 1832 3645 fungi,
1888 3552 1997 3644 qui
2034 3545 2340 3643 Christum
2385 3552 2686 3633 imitetur,

594 3645 659 3719 e't
671 3647 1048 3744 Jizmficium
1077 3674 1289 3721 verum
1319 3663 1381 3719 et
1401 3650 1652 3741 plenum
1675 3653 1742 3720 in
1770 3637 2037 3748 Ecclefio
2064 3647 2289 3748 offerre
2312 3650 2456 3720 Deo
2473 3652 2685 3722 Patri.

592 3752 781 3821 Huic
807 3766 1026 3820 autem
1058 3749 1211 3820 loco
1244 3745 1466 3820 similia
1496 3747 1648 3821 sunt
1675 3764 1925 3834 cetera,
1989 3753 2055 3818 in
2085 3747 2325 3846 quibus
2354 3754 2683 3824 Dominica

463 3905 468 3910 .
566 3848 884 3948 fhcrifitia
928 3865 1582 3937 commemorantur,
1647 3865 1718 3921 et
1744 3851 2116 3947 sacrficium
2146 3852 2380 3947 Clerasti
2412 3859 2450 3943 ·(
2468 3854 2682 3925 sermo

586 3969 806 4024 autem
837 3946 930 4021 est
955 3949 1037 4019 de
1067 3954 1129 4021 S.
1162 3954 1418 4042 Coena)
1463 3968 1536 4021 ct
1563 3954 1931 4025 Domirzicae
1956 3954 2188 4051 hostiae
2216 3955 2314 4046 (in
2338 3959 2396 4026 S.
2431 3959 2682 4047 Coena)

582 4059 855 4139 veritas,
903 4066 974 4122 et
980 4051 1357 4148 fiacr-ficium
1379 4077 1512 4146 pro
1541 4055 1965 4126 Dor-mitione.
2032 4057 2113 4125 In
2142 4057 2249 4128 his
2276 4079 2479 4130 vnum
2500 4055 2678 4130 illud

2400 4155 2676 4255 respon·
