2949 5023
908 378 1865 465 ntvnstro,‘111vs
2203 380 2204 395 ¹
2329 411 2425 482 23

240 616 259 635 ·
305 569 608 645 niffimus
672 570 887 642 cultus
947 572 1088 670 peti
1150 588 1441 670 poterat:
1541 577 1644 645 cui
1703 524 2064 673 esnim'non
2107 574 2416 648 ridiculus·

300 675 614 746 videatur
659 674 774 743 ille
814 672 953 771 ipse
999 678 1247 766 ingenii
1297 676 1572 746 humani
1597 677 1783 759 fons,
1847 692 1927 746 vt
1951 678 2170 749 Cicero
2194 679 2416 776 adpel-

296 777 438 859 lat,
486 779 857 857 'Homer-us,
920 778 1012 846 ita
1056 779 1258 847 latine
1287 778 1619 873 loquens?
1716 782 1803 848 Et
1829 802 1984 848 cum
2027 781 2095 849 in
2127 778 2410 851 Philoso-

287 878 491 974 phia,
553 879 857 963 Platone,
907 878 1278 974 Aristotele,
1347 879 1654 950 homines
1684 877 2029 952 stultiffimi
2058 879 2254 976 super
2278 878 2408 952 istis

287 981 529 1051 latinis
560 977 808 1062 verbi5‚
854 1003 1004 1048 cum
1036 980 1142 1050 sua
1170 983 1494 1076 cuiusque
1526 983 1869 1053 vernacula
1887 983 2109 1073 lingua
2140 1004 2408 1079 compa·-

284 1084 491 1165 τεός,
542 1079 1201 1176 philosopharentur,
1254 1108 1433 1154 noua
1463 1082 1789 1178 quaedam
1819 1084 2148 1161 Platonica
2178 1100 2248 1153 et
2268 1080 2410 1154 Ari-

288 1178 603 1253 stotelica
636 1181 1054 1278 Philosophia
1080 1188 1299 1255 extitit
1317 1241 1330 1267 ,
1377 1211 1577 1279 quam
1608 1188 1803 1259 Plato
1833 1200 1903 1255 et
1932 1180 2329 1283 Aristoteles,
2355 1179 2407 1254 fi

289 1287 375 1356 iis
413 1287 483 1353 i'n
513 1286 712 1352 vit'a'm
745 1281 957 1353 redire
983 1284 1211 1357 datum
1240 1283 1485 1371 fuisset,
1547 1310 1687 1357 non
1731 1286 1936 1359 modo
1967 1311 2098 1379 pro
2123 1285 2230 1359 sua
2261 1310 2405 1358 non

287 1381 742 1476 agnouiffent,
792 1384 899 1456 sed
926 1386 1010 1456 ne
1036 1388 1409 1479 intelligere
1440 1388 1710 1484 quidem
1736 1385 2113 1485 potuiss'ent,
2158 1385 2405 1458 etiamli

289 1490 644 1587 Ciceronis
688 1486 1081 1559 latinitatem
1127 1516 1400 1562 omnem
1479 1490 1692 1560 secum
1747 1485 2123 1561 attulissent.
2271 1486 2402 1559 Sed

296 1588 543 1660 eadem
573 1589 759 1684 plaga
786 1586 1032 1660 iniesta
1058 1589 1150 1661 est
1174 1578 1359 1662 'libris
1391 1589 1666 1678 diuinis,
1717 1585 2186 1685 dostrinaeque
2209 1590 2399 1663 chri-

295 1687 579 1775 stianae,
622 1715 738 1785 per
765 1715 917 1783 eos,
964 1696 1079 1789 qui
1108 1697 1307 1791 primi
1336 1689 1760 1763 instituerunt
1791 1695 2028 1764 latinos
2054 1693 2286 1764 facere.
2345 1694 2400 1763 li

294 1794 419 1889 qui
459 1806 534 1861 et
560 1790 773 1887 quales
817 1791 1102 1879 fuerint,
1160 1821 1311 1867 mea
1355 1795 1710 1879 sententia,
1770 1810 1954 1865 nunc
1993 1818 2135 1864 non
2177 1793 2396 1892 dispu-

290 1890 496 1975 tabo3
571 1892 728 1964 alius
759 1892 842 1967 de
868 1920 944 1965 ea
974 1922 1080 1979 re,
1155 1914 1224 1968 et
1258 1897 1341 1967 de
1367 1896 1664 1967 vniuersa
1693 1896 1821 1967 hac
1843 1898 2397 1992 interpretatione

290 1996 497 2067 latina
538 1990 887 2066 differendi
926 1998 1115 2068 locus
1161 1997 1582 2070 commodior
1623 1996 1914 2070 dabitur:
1976 1996 2137 2068 illud
2168 1996 2402 2095 dicam,
2503 2004 2517 2021 '

289 2098 610 2169 homines
641 2093 826 2168 fuiffe
842 2100 947 2169 ve}
971 2102 1316 2198 vtriusque
1345 2101 1615 2190 linguae
1642 2102 1745 2170 vix
1775 2101 2202 2172 mediocriter
2224 2100 2398 2197 peri-

286 2213 434 2282 tos,
462 2197 575 2269 vel
596 2204 716 2279 ea,
749 2224 879 2294 qua
906 2201 1145 2272 eodem
1172 2220 1517 2297 tempore,
1548 2215 1666 2271 aut
1690 2202 1922 2297 paullo
1947 2199 2110 2298 post,
2136 2204 2394 2300 Aquila,

291 2297 528 2373 infesti
558 2297 1047 2398 superstitione,
1092 2319 1166 2374 vt
1191 2306 1594 2401 plerumque
1611 2299 1894 2373 verbum
1924 2302 2016 2371 de·
2033 2301 2259 2386 verbo,
2286 2300 2397 2371 fed

292 2403 433 2473 hoc
467 2426 751 2499 quoque
780 2427 905 2495 pro
936 2406 1378 2502 qualicunque
1419 2404 1759 2489 facultate,
1821 2399 2118 2494 negleaa
2153 2404 2398 2471 latinae

293 2505 569 2596 linguae
601 2503 829 2575 indole
857 2521 927 2577 et
953 2506 1454 2586 consuetudine,
1483 2502 2022 2577 sibimet-tendum
2055 2511 2399 2600 putarent,

295 2604 367 2675 id
406 2605 593 2702 quod
641 2629 878 2694 nem0‚
978 2613 1095 2706 qui
1156 2605 1467 2703 reliquias
1523 2603 1702 2692 istius
1744 2605 2056 2679 verlionis
2097 2601 2396 2696 inspexit,

296 2709 614 2800 ignorare
642 2704 874 2804 potest.
1021 2710 1438 2800 Quidigitur
1465 2707 1754 2778 accidit?
1819 2707 2048 2775 Primis
2078 2701 2398 2799 tempori·
2479 2721 2486 2726 ’

298 2807 455 2892 bna,
517 2832 671 2879 cum
715 2810 950 2903 religio
981 2807 1339 2883 Christiana
1383 2811 1666 2880 maxime
1707 2803 1861 2879 esset
1899 2804 2076 2902 apud
2102 2800 2395 2885 Iudaeos

294 2907 399 2982 isti
427 2913 669 2981 rationi
696 2909 1000 2996 adsuetos
1029 2936 1108 2982 ac
1135 2910 1425 2998 deditoS,
1482 2924 1553 2979 et
1584 2911 1891 3002 omnium
1940 2906 2106 2978 adeo
2153 2907 2400 2997 lingua-

301 3037 463 3081 rum
505 3028 766 3108 praeter
808 3012 983 3084 suam
1030 3028 1518 3093 contemtores,
1583 3012 1856 3111 placuit,
1917 3008 2186 3105 fuitque
2219 3002 2399 3105 apud

301 3110 438 3186 hos
471 3131 646 3185 certe
671 3113 1063 3200 tolerabilis,
1113 3119 1226 3212 qui
1255 3111 1718 3215 comparandis
1746 3110 1963 3186 verbis
1992 3109 2209 3181 latinis
2239 3129 2401 3178 cum
2445 3153 2454 3160 -

297 3214 431 3287 suis
460 3213 654 3287 facile
680 3214 858 3287 istam
885 3218 1280 3288 latinitatem
1311 3213 1789 3307 intelligebant.
1934 3213 2198 3282 Placuit
2227 3230 2400 3298 ,vero

294 3342 444 3388 non
474 3318 774 3388 Iudaicae
802 3321 1077 3410 originis
1104 3318 1491 3390 hominibus
1524 3316 1731 3387 modo
1750 3372 1767 3400 ‚
1810 3313 1920 3384 sed
1947 3315 2145 3385 etiam
2174 3335 2250 3380 ex
2279 3308 2401 3379 alia

298 3433 538 3512 gente,
605 3422 717 3516 qui
743 3421 848 3490 vel
879 3447 913 3490 a
945 3424 1179 3518 pueris
1206 3423 1268 3491 ei
1294 3416 1506 3492 effent
1530 3415 1804 3501 adsueti,
1861 3430 1932 3485 et
1959 3437 2183 3485 rerum
2217 3433 2401 3506 prae-

295 3517 530 3591 stantia
560 3521 902 3616 occupati,
953 3519 1309 3593 verborum
1334 3522 1511 3593 vitiis
1540 3543 1679 3589 non
1707 3513 2064 3588 admodum
2099 3508 2400 3585 offende-

297 3639 571 3707 rentur,
635 3619 822 3693 {icuti
850 3620 1021 3693 boni
1043 3625 1210 3695 illius
1240 3621 1578 3720 Augustini
1604 3616 1979 3690 stomachus
2013 3615 2200 3713 offlam
2230 3625 2404 3713 (pro
2442 3678 2470 3698 ,,

300 3721 479 3810 osse)
524 3748 669 3796 non
712 3723 921 3795 modo
976 3726 1169 3797 facile
1215 3720 1716 3819 concoquebat,
1805 3717 1921 3790 >sed
1960 3717 2026 3788 id
2067 3720 2286 3816 etiam*
2322 3711 2405 3785 ab

298 3830 694 3924 Hieronymo
724 3821 835 3895 fibi
864 3847 1169 3924 ereptum
1204 3850 1399 3917 aegre
1424 3823 1711 3908 ferebat3
1778 3821 1885 3893 vel
1931 3824 2046 3920 qui
2095 3816 2213 3919 ipli
2263 3815 2409 3888 lat‘i·

158 3979 169 3982 -
298 3930 528 3998 nitatis
560 3951 798 4025 parum
830 3931 1059 4024 periti,
1120 3933 1190 3999 in
1220 3929 1522 4000 sermone
1554 3920 1669 3997 fibi
1701 3948 1904 3996 omne
1931 3947 2144 4017 genus
2187 3909 2411 3990 barba-

301 4031 480 4102 rismi
510 4030 976 4102 et2soloecismi
1021 4029 1484 4123 indulgerent,
1550 4051 1677 4100 nec
1707 4049 1822 4097 eos
1853 4028 1919 4098 in
1954 4028 2093 4097 aliis
2123 4013 2413 4092 animad-

297 4153 667 4213 verterent.
813 4132 944 4206 Sed
976 4135 1323 4238 paullatim
1351 4133 1578 4228 coepit
1618 4128 1970 4227 displicere
1996 4115 2415 4295 elegathtibue

346 4307 369 4324 .
389 4293 503 4325 Μ.
521 4284 664 4323 fas-11³,
682 4289 760 4318 πο.
1413 4238 1467 4305 B
1516 4256 1550 4301 Δ
2250 4247 2423 4296 om?
