2949 5023
564 400 708 474 288
991 405 1441 457 ‘vmmcuz
1494 405 1881 457 aunuum
1939 411 2115 460 n1v1
2131 410 2219 456 ut

561 571 738 646 leau
769 570 957 646 locus
985 594 1042 642 c.
1072 572 1377 666 Apionem
1406 571 1502 653 II,
1538 571 1650 641 16.
1685 590 1796 665 17.
1830 568 1942 644 vbi
1986 566 2295 656 ostendit,
2344 571 2523 670 apud
2551 580 2667 647 Iu·

565 674 763 747 daeos
812 668 1168 745 coniunEia
1207 666 1390 746 fuisse
1408 723 1426 754 ‚
1467 695 1645 768 ‚quae
1683 675 1790 742 aiii
1840 675 2073 771 populi
2128 670 2418 745 distrafiia
2466 675 2666 747 habe·

529 813 534 816 ¹
563 795 734 864 rent,
762 766 1208 855 didao'zam'oev
1237 791 1306 845 et
1329 769 1612 856 ἄσκησιν
1636 777 1753 850 τῶν
1781 771 1973 859 ἐθῶν,
2021 775 2366 848 doHrinam
2393 792 2464 846 et
2491 779 2668 874 dili-i·

551 882 792 976 plinam
821 879 1278 971 institutorum:
1326 875 1576 947 horum
1610 892 1837 947 autem
1876 877 2352 973 pulcerrimum
2380 875 2565 949 fuisse
2593 883 2667 951 in

563 978 679 1054 ista
708 977 1069 1058 affiduitate
1095 1001 1223 1074 per
1250 974 1389 1047 dies
1419 973 1858 1049 sabbatorum
1888 976 2254 1049 audiendae
2285 979 2452 1071 legis
2471 1035 2486 1063 ,
2539 1007 2667 1079 per

562 1108 771 1184 quam
800 1076 1117 1153 effestum
1160 1073 1252 1162 fit,
1302 1093 1375 1149 vt
1404 1080 1635 1148 omnia
1660 1079 1826 1171 legis
1857 1082 2075 1176 capita
2106 1108 2229 1153 mm
2256 1086 2456 1160 minus
2485 1108 2668 1179 quis·
2775 1111 2797 1140 υ

565 1211 700 1283 que
729 1210 914 1282 quam
942 1179 1360 1274 nomenficum
1387 1193 1670 1251 teneret.
1773 1179 1981 1262 Quod
2011 1167 2122 1253 iile
2153 1184 2425 1279 quidem
2456 1182 2541 1254 de
2571 1186 2665 1255 le·

565 1286 759 1379 gibus
803 1279 1009 1356 Molis
1052 1273 1231 1366 dicit,
1279 1278 1365 1350 de
1407 1278 1648 1377 quibus
1700 1279 1766 1352 id
1811 1308 1897 1354 eo
1940 1282 2095 1354 loco
2123 1283 2485 1380 praedicari
2516 1286 2664 1359 satie

564 1402 734 1469 erat,
790 1384 901 1454 sed
956 1385 1208 1482 pariter
1263 1380 1348 1451 de
1397 1381 1884 1479 Prophetarum
1946 1383 2130 1455 libris
2183 1384 2310 1457 dici
2340 1423 2351 1440 ι
2374 1401 2664 1485 poterat.

560 1493 722 1561 Nec
750 1488 816 1557 in
842 1511 919 1558 ea
947 1510 1022 1554 re
1052 1481 1510 1555 ostentationis
1544 1482 1823 1579 suspicio
1854 1480 1965 1570 est,
2016 1510 2172 1559 cum
2203 1504 2276 1557 et
2303 1490 2664 1582 mulierum

559 1594 632 1662 in
663 1590 840 1660 libris
863 1587 1073 1672 sacris,
1120 1602 1192 1657 et
1222 1607 1457 1656 eorum
1490 1587 1607 1682 qui
1632 1609 1811 1658 nunc
1838 1586 1991 1658 sunt
2020 1588 2417 1661 ludaeorum
2451 1615 2667 1665 exem·

560 1691 675 1792 pia
714 1713 860 1761 rem
889 1686 1177 1759 firment.
1275 1689 1532 1759 Mariae
1575 1685 1845 1784 quidem
1899 1712 2134 1787 preces
2176 1692 2325 1762 illae
2354 1693 2667 1790 pulcerri-

560 1817 713 1865 mae
754 1806 936 1863 totae
976 1792 1069 1860 ita
1112 1814 1320 1859 nexae
1357 1787 1511 1860 sunt
1553 1789 1773 1861 verbis
1821 1789 2096 1878 diuinis»,
2144 1809 2216 1864 vt
2255 1811 2567 1889 appareat
2604 1798 2665 1866 ei

561 1890 1047 1967 familiariffirna
1087 1887 1271 1962 fuisse
1313 1916 1392 1961 ex
1428 1890 1555 1960 inis
1606 1890 1855 1963 crebris
1895 1891 2340 1966 auditionibus
2368 1895 2563 1966 verba
2592 1911 2664 1967 et

563 1996 920 2067 sententias
966 1993 1297 2084 sacrorum
1342 1991 1685 2064 librorum.
1788 1999 1874 2065 Et
1918 2019 2134 2080 nunc,
2196 1994 2344 2068 satis
2387 1993 2662 2084 constat,

562 2098 848 2170 Iudaeos
888 2095 1533 2192 permult03,0etiam
1577 2110 1879 2193 expertes
1921 2094 2307 2168 eruditionis
2351 2097 2661 2184 Iudaicae,

561 2204 653 2272 ita
702 2202 903 2269 tritos
931 2193 1063 2267 ess'e
1101 2198 1169 2266 in
1198 2195 1375 2267 libris
1405 2199 1482 2266 V.
1509 2200 1598 2267 T.
1641 2215 1715 2296 vt
1742 2199 2110 2297 plerosque
2138 2193 2661 2272 Christianorum

562 2304 634 2373 in
680 2326 764 2370 eo
809 2322 1057 2390 genere
1094 2298 1302 2390 longe
1360 2297 1696 2394 superent.
1812 2307 2038 2396 Atque
2074 2299 2184 2370 illa
2224 2315 2409 2372 tanta
2450 2306 2663 2374 totius

561 2400 748 2473 verbi
794 2398 999 2474 diuini
1065 2401 1366 2481 scientia,
1421 2423 1730 2490 magnam
1790 2400 2211 2487 hominibus,
2271 2403 2660 2499 praesertim

561 2507 703 2604 piis,
749 2501 1126 2575 facultatem
1160 2499 1357 2574 dabat
1382 2499 1749 2574 meditandi
1778 2499 2018 2575 affidue
2046 2502 2325 2575 verbum
2359 2504 2661 2579 diuinum

503 2662 507 2675 .
562 2636 601 2677 e
627 2605 1072 2701 descriptione
1102 2601 1430 2686 Dauidica,
1479 2604 1598 2699 Ps
1626 2608 1690 2689 Ι,
1726 2630 1787 2679 2.
1834 2612 2068 2702 ltaque
2096 2629 2236 2678 non
2269 2607 2473 2678 modo
2504 2634 2665 2706 pro·

560 2728 791 2808 pterea
832 2710 1045 2778 inerat
1087 2702 1487 2777 beneficium
1515 2708 1584 2777 in
1614 2707 1751 2777 hoc
1776 2704 2102 2792 instituto,
2150 2709 2334 2805 quod
2379 2713 2661 2782 vacatio·

562 2835 723 2881 nem
766 2808 964 2880 dabat
1006 2815 1276 2906 corpori
1320 2807 1620 2880 humano
1659 2833 1695 2878 a
1736 2807 2084 2895 laboribuS,
2134 2809 2347 2909 ipsum
2386 2837 2663 2908 quoque

440 2954 464 2989 s
564 2935 887 3004 magnum
930 2926 1002 2979 et
1029 2909 1348 2993 amabile3
1394 2908 1505 2981 sed
1557 2913 1788 2996 etiam,
1830 2925 1900 2981 et
1943 2912 2168 2983 multo
2198 2915 2407 3005 magis
2434 2915 2557 2985 hac
2579 2914 2663 2985 de

567 3009 810 3098 cauffi,
870 3011 1054 3108 quod
1115 3010 1519 3109 disciplinam
1562 3011 1750 3083 verbi
1791 3013 1997 3084 diuini
2039 3015 2511 3087 exercitatione
2540 3017 2665 3103 -tali

562 3111 926 3185 imbibendi
955 3109 1456 3186 efficaciffimam
1490 3111 1794 3185 habebat.

712 3237 827 3311 99.
876 3223 1100 3310 Atque
1137 3216 1261 3287 hac
1293 3213 1427 3312 ipsa
1455 3213 1538 3285 de
1564 3212 1775 3286 eauffa
1818 3217 1882 3285 in
1920 3214 2162 3290 eodem
2193 3214 2489 3288 instituto
2520 3231 2664 3289 erat

562 3316 1069 3415 disitiplinafidei‚
1138 3340 1311 3415 quae
1339 3313 1581 3389 affidue
1606 3316 1945 3390 audiendo
1977 3318 2188 3391 verbo
2219 3322 2402 3391 venit
2431 3336 2500 3388 et
2527 3343 2661 3390 ma·

556 3439 704 3504 net,
749 3417 1033 3490 nascitur
1073 3435 1148 3495 et,
1181 3420 1396 3490 alitur.
1499 3416 1628 3491 Sed
1666 3418 1862 3490 huius
1889 3418 2265 3519 disciplinae
2292 3419 2491 3504 aliud,
2536 3443 2665 3490 nec

562 3548 797 3619 parum
833 3515 1059 3591 efficax
1086 3544 1297 3612 genus
1327 3518 1454 3590 fuit
1483 3523 1549 3592 in
1581 3544 1832 3613 genere
1862 3520 2328 3597 sacrificiorum
2357 3520 2662 3619 eo‚quod

565 3623 949 3692 animalium
992 3621 1309 3713 sanguine
1354 3621 1708 3696 fundendo
1751 3641 2026 3723 peccata
2059 3626 2373 3723 expiaret.
2475 3630 2663 3697 Nam

565 3748 720 3794 cum
754 3726 822 3792 in
869 3749 954 3792 eo
986 3720 1147 3795 ess‘et
1186 3723 1600 3797 adumbratio
1631 3724 1896 3798 futurae
1927 3752 2046 3823 per
2071 3725 2342 3799 Meffiae
2370 3742 2664 3799 mortem

563 3825 995 3921 expiationis»,
1072 3825 1151 3895 ad
1218 3843 1949 3925 omnes1peccatorum
2000 3854 2253 3927 poenas
2304 3827 2661 3911 abolendas

562 3926 993 4027 pertinentis,
1043 3941 1113 3995 et
1152 3931 1387 3998 veniae
1424 3930 1875 4025 impetrandae
1921 3930 2070 4030 spes
2113 3950 2264 4005 tota
2301 3932 2666 4005 referretur

564 4028 647 4099 ad
673 4025 1183 4100 misericordiam
1215 4045 1285 4098 et
1331 4027 1735 4102 beneficium
1776 4030 2108 4119 diuinum,
2157 4056 2299 4105 non
2324 4039 2550 4107 minua
2582 4031 2666 4104 ad

565 4128 974 4203 excitandam
1020 4145 1091 4201 et
1155 4127 1458 4203 alendam
1497 4129 1701 4205 fidem
1755 4134 1994 4221 virium
2035 4131 2392 4224 habebant,
2461 4159 2662 4233 quam
2722 4195 2732 4204 .

2479 4262 2667 4311 nunc
