2949 5023
903 406 1848 484 Μνιιᾼτοιιινέ
2189 409 2194 414 ’
2318 409 2416 504 63

234 582 654 680 praeclusa
685 565 799 669 sit,
838 584 923 655 'in
954 584 1271 658 hocloco
1302 587 1482 658 initia
1512 605 1780 683 ponunt
1822 586 2208 687 deprauatae
2240 607 2418 664 vete-

236 691 354 755 ris
416 704 510 758 et
555 689 883 782 antiquae
924 685 1282 758 sententiae
1325 712 1476 759 cum
1507 689 1836 774 Albertino
1882 687 2026 787 paq.
2063 716 2224 780 903.
2258 721 2415 768 cum

236 789 673 966 Bingaesamtts
740 781 1032 868 nostram
1096 787 1490 862 sententiam
1525 793 1747 861 «etiam
1801 793 1873 862 in
1941 788 2416 888 chrysostomo

235 911 478 980 agno
514 913 593 959 ca
629 938 648 955 .

394 1092 537 1171 111.
600 1092 1005 1198 Sacnftium
1044 1121 1254 1173 vemm
1278 1122 1358 1173 ac
1396 1100 1735 1201 proprium
1759 1099 1880 1201 effe-
1911 1102 1977 1176 in
2005 1096 2414 1204 Eucharistia

511 1208 851 1425 ’13ἴῖιὲἴὲ
921 1235 1031 1286 nec
1053 1210 1409 1358 sturgio,
1487 1239 1595 1288 nec
1623 1210 1701 1290 S.
1732 1210 1808 1289 S.
1844 1211 2118 1290 Patrum
2141 1212 2415 1319 scriptis

458 1480 679 1569 Quod
695 1455 889 1555 seculi
915 1486 1115 1558 huius
1146 1489 1339 1558 initio
1369 1490 1811 1561 exorientalis
1835 1487 2154 1561 Ecclesiae
2182 1493 2410 1563 Litur-

266 1590 420 1680 833⁵
454 1583 1044 1659 demonstrandum
1072 1588 1357 1688 suscepit
1383 1593 1821 1676 Renaldotius,
1861 1609 2152 1682 veterem
2185 1594 2411 1664 Eccle-
2445 1599 2452 1606 '
2545 1639 2548 1644 -

267 1687 465 1759 fiam
500 1687 572 1759 in
604 1687 1007 1760 Eucharistia
1037 1713 1264 1761 verum
1295 1715 1372 1760 ac
1402 1696 1753 1791 proprium
1784 1690 2169 1764 sacrificium
2199 1718 2405 1784 agno.-

273 1788 490 1875 viss‘e‚
548 1792 618 1859 in
652 1815 788 1884 quo
824 1789 1122 1861 sacerdos
1153 1817 1280 1889 pro
1325 1791 1534 1866 hostia
1575 1796 1953 1865 immolaret
1979 1796 2187 1865 Iesum
2219 1796 2407 1867 Chri-

284 1890 469 1965 stum
501 1891 586 1961 ad
614 1890 1012 1987 placandum
1045 1897 1269 1963 Deum
1299 1897 1461 1967 viuis
1490 1912 1689 1994 atque
1720 1889 2038 1976 mortu'is,
2094 1894 2160 1965 id
2189 1921 2266 1964 ex
2297 1897 2409 1967 Li·

287 1996 545 2086 tux-giis
606 1993 939 2064 vniuersae
984 1990 1310 2066 Ecclesiae
1366 1996 1607 2069 docere
1667 1993 1941 2068 instituit
1981 1998 2409 2084 Illuratorius,

290 2091 631 2167 adiunssis
673 2098 909 2181 etiam,
984 2110 1056 2166 vt
1097 2098 1164 2166 in
1204 2096 1525 2193 superiori
1569 2095 2040 2192 disputatione,
2103 2096 2282 2169 velut
2331 2098 2404 2171 in

290 2194 682 2281 subsidium,
736 2198 991 2295 primae
1035 2213 1105 2269 et
1149 2197 1620 2297 antiquissimae
1652 2194 1972 2269 Ecclesiae
1998 2195 2402 2271 doEioribus.

285 2304 541 2392 Negat,
588 2296 653 2368 se
711 2298 1076 2370 vniuersam
1129 2300 1312 2371 illam
1382 2297 1896 2392 controuersiam
1959 2298 2402 2399 disputatione

286 2401 799 2499 amplexurum:
879 2397 1013 2469 duo
1050 2416 1306 2494 tantum
1350 2399 1461 2475 sibi
1503 2397 1839 2503 proposita
1884 2396 2043 2471 effe:
2102 2404 2399 2497 primum
2511 2473 2518 2486 ,

289 2529 382 2578 ex
434 2505 866 2599 antiquiffimis
920 2510 1182 2575 omnium
1243 2506 1647 2606 Ecclefiarum
1690 2505 2010 2601 Liturgiis
2068 2501 2401 2598 ostendere,

276 2620 668 2702 perpetuum
684 2603 879 2703 suia}
920 2606 1244 2700 vniuerfize
1275 2609 1572 2711 Ecclefiae
1608 2604 1975 2703 consensioni,
2036 2611 2109 2676 de
2147 2627 2302 2676 vero
2332 2615 2399 2674 et

288 2734 423 2780 non
468 2710 847 2805 imaginario
870 2703 1182 2801 sacrificio
1222 2709 1485 2781 altaris:
1558 2706 1795 2778 deinde
1840 2705 2135 2778 breuiter
2172 2704 2395 2802 palam

292 2809 515 2883 facere
529 2863 548 2895 ‚
606 2834 794 2905 quam
822 2815 1144 2880 concordes
1160 2810 1300 2908 sint
1325 2835 1458 2882 cum
1500 2812 1561 2884 S.
1603 2812 1915 2906 Litargiis
1952 2809 2195 2895 Patres
2210 2862 2226 2893 ,
2283 2810 2395 2905 qui

279 2917 527 3007 primis
573 2911 875 3008 Ecclefiae
895 2910 1126 3005 ficulis
1163 2914 1456 2982 vixerint.
1599 2908 1824 3007 Atque
1858 2911 1944 2979 ita
1974 2904 2394 2984 intellefium

292 3015 374 3084 iri
403 3006 758 3115 existimat,
857 3036 938 3082 an
998 3015 1144 3082 iure
1182 3027 1439 3083 veteres
1485 3014 1816 3104 Liturgias
1859 3009 2005 3081 suae
2047 3012 2391 3109 opinionis

294 3111 497 3186 testes
539 3129 740 3209 atque
767 3110 1070 3185 austures
1116 3114 1748 3186 commemorauerit
1786 3111 2051 3209 Pfcffus
2088 3114 2212 3185 Vir
2248 3112 2392 3183 Cei.

293 3218 375 3289 in
398 3216 872 3313 Disputatione
900 3213 1176 3299 scilicet,
1236 3241 1431 3313 quam
1479 3212 1593 3287 fibi
1623 3215 1818 3287 visam
1861 3230 2090 3306 negat,
2147 3213 2229 3283 de
2265 3213 2397 3286 Ob-

299 3320 538 3390 latione
596 3316 1013 3410 Euchargflica
1066 3314 1309 3389 Veteris
1350 3320 1672 3417 Ecclestae.
1810 3314 2303 3407 Intelligisane
2353 3338 2392 3385 a

298 3417 497 3490 nobis
539 3434 610 3488 et
654 3416 925 3507 iudicari
969 3415 1218 3517 potest:
1284 3418 1392 3488 sed
1432 3421 1755 3491 vellemus
1797 3416 1932 3513 ipse
1974 3418 2390 3489 Muratorius

296 3518 688 3592 Pfaffianum
720 3517 986 3605 librum,
1026 3521 1094 3590 in
1128 3522 1483 3592 Germania
1511 3516 1696 3592 valde
1726 3517 2023 3602 obuium,
2074 3510 2187 3587 fibi
2207 3538 2390 3587 com-

300 3620 609 3720 parasset,
670 3637 746 3690 vt
772 3620 907 3717 ipse
933 3618 1221 3692 iudicare
1249 3618 1602 3719 potuisset,
1664 3636 1735 3689 et
1760 3615 2163 3715 respondere
2187 3615 2266 3688 ad
2292 3643 2388 3704 ea,

298 3748 468 3818 quae
492 3722 590 3796 ibi
618 3716 787 3794 dista
815 3721 981 3795 sunt.
1055 3721 1181 3795 Sed
1210 3723 1446 3795 melius
1471 3721 1651 3807 fecit,
1682 3745 1832 3791 cum
1853 3720 2048 3807 cauit,
2077 3744 2161 3791 ne
2194 3716 2387 3793 istum

297 3823 542 3897 librum
571 3822 844 3897 videret.
968 3824 1218 3917 Magna
1247 3844 1317 3896 et
1353 3823 1712 3920 multiplici
1740 3817 2032 3893 molestia
2064 3821 2125 3893 se
2154 3820 2387 3893 libera·

295 3930 405 3998 vit.
447 3931 749 3999 Primum
767 3926 811 3999 si
824 3925 1061 3998 librum
1082 3922 1349 4007 vidisset,
1376 3925 1578 4020 longe
1592 3929 1776 3998 aliter
1792 3923 1963 3996 suam
1985 3919 2094 3993 sibi
2110 3921 2383 3994 demon-

296 4026 678 4102 strationem
711 4026 1165 4101 instituendam
1199 4024 1484 4113 vidiffet3
1526 4052 1696 4126 quae
1713 4051 1893 4098 nunc
1926 4026 2086 4095 nihil
2110 4020 2216 4105 est,
2263 4019 2384 4091 nisi

291 4129 554 4226 farrago
580 4133 891 4207 locorum
904 4131 1415 4224 Liturgicorum,
1442 4132 1512 4205 in
1541 4127 1781 4230 quibus
1794 4123 2113 4224 Jizcrtficii,
2138 4122 2386 4298 Ιιοξὶῗε,
2451 4182 2456 4187 .

2256 4250 2290 4293 o
2319 4250 2382 4301 ο-
