2949 5023
571 370 716 456 286
944 396 947 397 ⁷
1022 350 1459 443 vn‘aenxcrau
1511 389 1897 450 anau-nn
1946 389 2228 447 nrvnu

562 567 833 649 rentur,
903 548 1142 639 fidem,
1218 548 1699 633 obedientiam,
1777 545 1915 622 fine
1973 551 2218 649 ,quibus
2270 547 2373 622 illa
2391 548 2426 634 ,⁹
2486 552 2677 626 v'elut

563 675 797 732 mente
827 677 902 725 ac
931 653 1117 725 sensu
1146 650 1339 738 cassa,
1388 656 1590 726 etiam
1619 651 2055 751 displicerent,
2117 678 2145 722 1
2187 656 2352 724 Sam.
2368 653 2526 740 XV,
2564 680 2681 726 22.

563 761 683 858 Ps
711 762 792 830 L.
857 758 970 854 Eſs
993 761 1057 839 1,
1095 780 1123 825 1
1146 779 1172 825 1
1209 769 1321 828 cet.
1469 760 1705 850 Itaque
1734 751 1777 822 si
1810 753 1969 851 quid
2001 757 2070 824 in
2100 754 2237 826 hoe
2283 777 2535 846 genere
2587 753 2677 827 ab

562 857 863 934 Israelitis
895 873 1250 956 peecatum
1277 850 1397 941 est,
1449 854 1635 953 quod
1664 850 1909 927 fastum
1942 852 2067 927 esse
2100 857 2291 953 plum
2357 880 2553 953 quam
2583 856 2679 928 sa-

565 958 885 1051 tis-esset,
959 956 1214 1029 docent
1262 957 1573 1055 querelae
1627 956 2145 1053 Prophetarum,
2210 959 2356 1028 eius
2408 960 2677 1055 culpam

563 1087 842 1137 omnem
875 1057 1188 1132 sustinent
1223 1059 1569 1146 homines,
1624 1057 1793 1129 nihil
1838 1058 1997 1131 inde
2042 1062 2449 1133 cerimoniae
2498 1060 2675 1159 ipsae

563 1168 708 1240 vitii
737 1179 853 1237 aut
881 1186 1091 1233 noxae
1132 1161 1429 1232 trahunt.

712 1288 827 1352 97.
871 1263 995 1332 Sed
1024 1265 1409 1335 innocentia
1446 1285 1674 1333 earum
1700 1256 1933 1331 multis
1965 1273 2038 1331 et
2075 1264 2335 1356 magnis
2363 1286 2672 1337 commo-

564 1366 675 1447 dis,
693 1366 1088 1437 cumulatur.
1209 1369 1284 1432 In
1316 1363 1552 1462 quibus
1585 1363 1873 1458 primum
1908 1361 2104 1433 facile
2131 1362 2543 1457 agnoscimus
2576 1390 2673 1451 ea,

563 1494 734 1566 quae
759 1464 1044 1538 diximus
1072 1490 1109 1537 a
1135 1463 1397 1559 Fostero
1428 1482 1501 1535 et
1533 1464 1674 1535 aliis
1706 1460 2177 1551 demonstrata,
2245 1464 2418 1537 vnde
2462 1483 2670 1539 etiam

559 1570 880 1668 sapientia
908 1567 1127 1640 diuina
1154 1562 1539 1648 illustratur,
1610 1589 1782 1661 quae
1822 1564 2308 1638 conseruandae
2353 1566 2672 1659 religioni

546 1656 783 1757 ¹verae,
814 1664 815 1673 ’
843 1687 913 1741 et
940 1667 1271 1741 cauendae
1317 1660 1761 1765 superstitioni
1799 1668 1886 1739 ita
1912 1685 2096 1765 aptas
2144 1695 2248 1741 res
2288 1672 2553 1741 inuenit
2598 1685 2669 1742 et

558 1774 786 1849 sanxit.
929 1770 1139 1852 Quod
1184 1765 1232 1839 fi
1280 1771 1427 1874 quis
1483 1768 1991 1866 Spenccrianam
2035 1754 2670 1942 rationemssprobet,

561 1877 754 1946 cuius
786 1868 942 1945 viiia
971 1897 1112 1942 non
1141 1874 1523 1964 ignoramus
1550 1894 1568 1954 ;
1616 1867 1956 1942 adiuuerit
1975 1888 2045 1943 et
2072 1872 2208 1968 ipse
2233 1897 2353 1943 cau
2406 1898 2512 1944 am
2545 1899 2665 1945 no·

557 1968 770 2048 strain.
896 1971 1007 2046 Est
1036 1978 1217 2044 enim
1248 1971 1671 2064 benignitatis
1706 1989 1774 2043 et
1803 1972 2284 2069 misericordiae
2329 1993 2667 2071 paternae,

559 2079 918 2150 demittere
952 2075 1017 2146 se
1046 2074 1128 2149 ad
1156 2072 1675 2145 imbecillitatem
1704 2072 1974 2145 suorum
1992 2130 2007 2159 ,
2035 2073 2273 2172 ⁴quoad
2302 2074 2496 2172 ipsius
2525 2075 2667 2147 san-

556 2177 747 2252 stitas
779 2194 852 2248 et
877 2178 1215 2268 religionis
1246 2175 1534 2269 dignitas
1562 2176 1862 2270 patiatur.
1950 2175 2080 2246 Sed
2108 2201 2234 2248 nos
2263 2177 2403 2247 aiiis
2431 2194 2502 2248 et
2529 2203 2665 2251 ma·
2785 2172 2792 2191 ¹

552 2278 807 2353 ioribus
837 2277 1037 2350 rebus
1067 2276 1510 2351 salubritatem
1543 2272 1807 2348 istarum
1835 2280 2348 2371 cerimoniarum
2379 2277 2666 2352 aestima-

553 2407 737 2468 muS,
791 2395 864 2452 vt
895 2379 1191 2452 diximus,
1342 2382 1429 2449 Et
1474 2381 1796 2474 quoniam
1844 2380 2017 2450 iniis
2046 2383 2321 2477 proprie
2373 2406 2512 2453 non
2567 2376 2663 2451 est

555 2480 753 2583 ipsius
792 2482 1131 2578 religionis
1173 2506 1353 2578 pars,
1415 2476 1536 2550 nisi
1576 2479 1797 2576 quoad
1844 2479 2227 2574 obedientia
2272 2488 2420 2555 Deo
2461 2483 2532 2556 in
2584 2486 2662 2556 iis
2717 2508 2718 2514 ¹

554 2585 892 2659 seruandis
926 2579 1314 2684 praestatur,
1373 2581 1485 2654 sed
1511 2581 1848 2679 disciplina
1889 2585 2235 2676 religionis
2266 2589 2661 2684 virtutisque

556 2686 912 2772 colendae3
1006 2712 1084 2756 ea
1110 2684 1462 2783 quomodo
1499 2680 1683 2765 iniit,
1740 2683 2035 2757 breuiter
2072 2685 2660 2760 demonstrandum

552 2789 839 2872 vitietur.
953 2795 1110 2861 Nos
1137 2803 1363 2859 autem
1393 2811 1533 2857 non
1563 2788 1785 2858 sumus
1817 2790 1897 2873 ii,
1938 2791 2052 2885 qui
2080 2785 2483 2887 disciplinam
2537 2815 2662 2887 po·

549 2916 788 2962 namus
829 2889 1074 2972 mode,
1136 2907 1250 2961 aut
1276 2893 1590 2973 maxime,
1657 2891 1724 2960 in
1758 2888 2140 2961 coercendis
2179 2890 2378 2963 rebus
2425 2893 2657 2977 malis;

547 2991 659 3061 sed
693 2994 927 3074 etiam,
972 3005 1041 3060 et
1068 2994 1284 3061 multo
1308 2996 1541 3081 magis,
1571 2994 1642 3060 in
1675 2989 2059 3063 adiuuandis
2090 2990 2303 3063 bonis.
2408 3000 2656 3092 Neque

549 3094 728 3162 enim
761 3087 1094 3183 disciplina
1130 3088 1224 3159 est
1250 3094 1525 3187 propria
1554 3080 1897 3187 improbis,
1947 3117 2122 3190 quos
2154 3099 2445 3167 co‘e‘rceri
2477 3098 2655 3168 seue·

547 3198 741 3266 ritate
785 3187 1234 3262 institutorum
1277 3190 1682 3264 idoneorum
1729 3199 2078 3277 conuenit,
2137 3194 2247 3265 sed
2274 3200 2648 3268 eommunis

547 3300 743 3368 etiam
772 3292 1024 3392 probis:
1125 3297 1208 3363 Et
1241 3289 1335 3362 est
1360 3295 1578 3366 multo
1610 3297 1880 3382 melior,
1938 3322 2107 3394 quae
2136 3293 2325 3369 bonis
2358 3295 2642 3395 prodest,

543 3422 743 3496 quam
776 3421 945 3495 quae
973 3393 1180 3466 malos
1210 3406 1492 3465 coercet.
1606 3403 1787 3472 Nam
1833 3399 1998 3468 haec
2023 3397 2230 3471 modo
2256 3396 2562 3470 abstrahit
2603 3426 2646 3471 a

545 3496 799 3570 delistis
829 3500 1113 3569 externis
1134 3553 1148 3582 ,
1196 3513 1269 3568 et
1296 3500 1483 3589 cogit
1524 3495 1736 3570 facere
1763 3516 2114 3573 externum
2149 3505 2409 3572 virtutis
2437 3518 2506 3571 et
2536 3527 2646 3573 re·

541 3600 810 3690 ligionis
856 3625 1059 3696 opus:
1128 3599 1234 3669 illa
1276 3599 1544 3679 adiuuat
1583 3605 1899 3698 pietatem
1946 3622 2015 3675 et
2057 3605 2370 3674 virtutem
2411 3603 2648 3702 ipsam,-

540 3725 665 3800 per
696 3722 893 3795 quam
923 3727 1073 3772 vera
1105 3725 1309 3797 opera
1341 3697 1695 3800 santificatis
1723 3699 1913 3774 fiunt.
2026 3703 2432 3777 Habuerunt
2473 3731 2644 3799 ergo

381 3842 466 3884 αι]
537 3801 944 3874 cerimoniae
989 3804 1319 3872 Mosaicae
1371 3801 1772 3899 disciplinam
1819 3805 1988 3875 illius
2033 3808 2331 3899 generis,
2414 3806 2641 3905 quoad

532 3899 984 3974 neceffitatem
1014 3904 1297 3973 attulere
1330 3901 1664 3990 sacrorum
1696 3909 1895 3976 certis
1925 3907 2352 4005 temporibus
2382 3908 2640 3982 obeun-

532 4004 808 4091 dorum,
869 4019 939 4073 et
982 4020 1408 4098 peccatorum
1440 4030 1842 4102 quocunque
1885 4008 2096 4080 modo
2127 4012 2637 4106 expiandorum.

532 4113 846 4193 Quorum
873 4105 1158 4178 alterum
1186 4103 1482 4194 canebat,
1507 4130 1594 4178 ne
1619 4108 1929 4183 homines
1957 4110 2256 4212 improbi
2284 4114 2636 4212 paullatim

2349 4239 2639 4288 omnem
