2949 5023
627 414 770 506 276
1080 433 1514 482 vntmcnut
1571 426 1961 481 anau-nu
2009 384 2308 483 nivinu-

625 609 924 696 cuperet.
1027 599 1116 668 Et
1142 611 1284 667 erat
1312 593 1487 665 illius
1514 590 1834 667 bonitatis
1862 608 2044 665 tanta
2071 589 2444 677 neceffitas,
2492 607 2567 665 vt
2591 588 2736 665 fine

497 728 500 739 ·
623 725 699 770 ea
731 723 1078 796 nunquam
1109 721 1329 779 verae,
1393 699 1696 788 integrae
1740 713 1813 767 et
1847 692 2203 767 constantis
2232 689 2591 779 sanstitatis
2650 719 2738 766 ac

625 803 891 873 virtutis
931 799 1202 871 facultas
1232 798 1632 887 contingere
1674 791 2020 894 potuisset:
2082 821 2251 892 quae
2292 818 2474 867 nunc
2519 798 2738 869 etium

627 907 717 975 ita
746 917 1178 1001 oppugnatur
1206 898 1499 994 vndique
1523 926 1559 971 a
1587 898 1880 996 reliquiis
1911 893 2275 970 vitiositatis
2307 898 2637 982 naturalis,
2654 913 2738 971 vt

627 1005 821 1101 saepe
852 999 998 1102 post
1028 1024 1300 1093 grauem
1329 999 1600 1071 demum
1619 1017 1688 1071 et
1711 999 1987 1094 longam
2017 996 2256 1072 lustam
2272 1001 2510 1070 vincat.
2542 999 2737 1069 Huic

628 1122 851 1179 autem
881 1101 1157 1194 benitati
1179 1125 1301 1199 par
1330 1098 1424 1172 est
1451 1101 1782 1200 sapientia,
1810 1126 1981 1200 quae
2007 1102 2302 1173 cernitur
2328 1103 2399 1170 in
2420 1127 2523 1187 eo,
2539 1098 2739 1197 quod

631 1207 948 1303 Spiritum
975 1202 1162 1273 suum
1192 1202 1416 1274 noluit
1444 1205 1509 1274 vi
1534 1200 1790 1275 infinita
1822 1228 2028 1296 agere
2046 1221 2117 1276 et
2159 1201 2454 1274 absolute
2485 1206 2556 1271 in
2587 1199 2738 1272 san·

626 1301 989 1379 stificandis
1019 1301 1363 1385 fidelibus,
1410 1320 1482 1375 et
1508 1303 1828 1404 operibus
1859 1300 2211 1376 sanstitatis
2243 1299 2627 1386 efficiendis»,
2655 1302 2733 1374 in

626 1432 770 1505 quo
801 1402 959 1477 effet
986 1400 1242 1478 coafiiio
1276 1423 1348 1475 et
1372 1409 1508 1490 vis,
1576 1408 1684 1477 cui
1730 1403 1922 1478 resisti
1950 1420 2090 1477 non
2134 1402 2379 1504 poss‘et,
2450 1405 2733 1475 tollens·

629 1533 764 1598 que
806 1504 1066 1580 virtutis
1104 1510 1452 1579 veritatem
1470 1516 1494 1592 ,’
1558 1532 1792 1605 quae„
1835 1506 1951 1580 nisi
1991 1505 2294 1579 libertate
2333 1506 2530 1589 salua,
2584 1503 2729 1602 ipsa

625 1608 800 1682 salua
829 1606 956 1682 effe
982 1633 1120 1680 non
1148 1605 1399 1706 potest:
1462 1607 1571 1680 sed
1599 1616 1780 1682 modo
1811 1615 2101 1708 quodam,
2162 1624 2323 1708 apto
2354 1605 2436 1679 ad
2465 1606 2730 1683 conser-

494 1716 503 1721 ’
626 1718 968 1784 vationem
998 1710 1319 1782 libertatis
1345 1712 1711 1793 humanae,
1766 1728 1836 1783 et
1877 1717 2012 1808 lege
2038 1725 2230 1784 certa.

776 1824 890 1898 88.
961 1817 1142 1883 Nam
1174 1812 1266 1883 vti
1295 1812 1741 1886 conuertendi
1772 1814 2062 1885 hominis
2084 1867 2103 1897 ‚
2160 1816 2253 1884 ita
2288 1806 2730 1899 sanffificaudi

625 1918 953 1988 rationem
983 1937 1260 1986 omnem
1289 1910 1376 1985 fic
1399 1912 1734 1988 adstrinxit
1751 1912 1955 1987 verbo
1989 1914 2132 1995 suo,
2159 1929 2233 1986 vt
2261 1939 2385 2013 per
2409 1911 2477 1985 id
2506 1912 2728 1985 solum

624 2041 800 2116 opus
840 2031 1201 2113 vtrurnque
1242 2034 1680 2112 perageretur
1720 2043 1759 2088 a
1800 2019 2048 2114 Spiritu
2093 2014 2248 2102 suo,
2324 2026 2465 2086 uon
2510 2013 2725 2087 modo
2828 2046 2833 2051 ·

624 2115 972 2204 docendo,
1028 2116 1138 2191 sed
1181 2119 1380 2188 etiam
1425 2113 1777 2190 efficiendo
1824 2121 1981 2191 Luc.
2027 2119 2250 2201 XVI,
2296 2140 2408 2204 29.
2440 2132 2551 2203 31.
2610 2117 2723 2187 Io.

550 2298 555 2309 ,
620 2217 864 2305 XVII,
906 2241 1011 2305 ¹7·
1064 2242 1096 2289 1
1136 2219 1318 2291 Petr.
1348 2222 1407 2307 I,
1441 2245 1556 2293 22.
1588 2245 1702 2308 23.
1779 2223 1935 2302 Qua
1962 2244 2037 2291 re
2065 2218 2142 2291 fit
2167 2220 2494 2317 primum,
2520 2230 2593 2288 vt
2617 2217 2724 2288 vis

622 2324 912 2420 Spiritus
927 2316 1145 2392 Sansti
1178 2345 1395 2413 agenS,
1413 2321 1516 2392 vel
1535 2324 1599 2392 in
1616 2318 2029 2393 intellestum
2060 2322 2354 2393 hominis
2381 2321 2485 2391 vel
2514 2321 2581 2388 in
2603 2341 2723 2390 vo·

623 2424 951 2496 luntatem
969 2474 989 2507 ,
1040 2446 1198 2493 cum
1225 2447 1349 2520 per
1374 2420 1438 2492 se
1467 2417 1545 2494 fit
1572 2421 1861 2509 infinita,
1908 2421 2185 2521 ἄμαχος
2211 2438 2278 2495 et
2307 2413 2723 2522 αἰνυπέςβλη·

622 2543 761 2611 τος,
823 2530 1017 2616 (nam
1045 2520 1236 2596 estin
1267 2539 1442 2598 nutu
1463 2525 1819 2600 voluntatis
1846 2530 2018 2609 eius,
2074 2532 2187 2597 cui
2233 2523 2609 2622 simpliciter
2648 2537 2723 2595 et

604 2623 870 2701 'nullius
897 2628 994 2698 rei
1015 2624 1249 2720 *finitae
1276 2629 1664 2700 interuentu
1692 2628 2136 2728 [immediate]
2165 2630 2404 2721 agenti,
2434 2620 2721 2696 relistere

619 2732 790 2801 nihil
818 2723 1069 2826 potest,
1118 2733 1303 2802 Rom.
1329 2732 1473 2812 IX,
1521 2736 1673 2825 ¹9·)
1725 2746 1797 2800 vt
1821 2756 1894 2802 ea
1938 2734 2144 2824 igitur
2174 2732 2450 2827 accipiat
2475 2731 2544 2800 in
2572 2725 2718 2825 ipso

619 2828 772 2903 aaa
802 2832 1089 2928 aliquem
1120 2831 1436 2916 modum,
1494 2830 1576 2903 ab
1619 2829 2036 2905 instrumenti
2091 2830 2402 2927 [medii]
2461 2846 2716 2915 natura,

621 2956 746 3027 per
773 2923 978 3026 ‘quem
1018 2933 1124 3002 illa
1166 2929 1400 3004 sufficit
1427 2934 1699 3025 quidem
1745 2931 2126 3007 efficiendae
2172 2931 2326 3004 fidei
2371 2950 2440 3002 et
2481 2925 2714 3004 sansti-

621 3033 760 3110 καὶ,
805 3030 913 3100 sed
940 3033 1049 3114 ita,
1104 3051 1176 3101 vt
1206 3038 1265 3101 ei
1295 3031 1490 3102 resisti
1518 3035 1733 3130 poffi't.
1837 3034 1948 3107 Est
1974 3041 2154 3108 enim
2187 3036 2322 3107 hoc
2345 3056 2713 3105 commune

556 3207 563 3216 .
619 3133 814 3203 omni
858 3133 1087 3222 generi
1131 3128 1760 3217 instrumentorum,
1830 3154 1903 3209 vt
1944 3138 2025 3209 ab
2081 3141 2163 3210 iis
2196 3140 2292 3209 vis
2333 3141 2594 3229 agentis
2638 3137 2713 3205 iu

617 3229 826 3307 modo
857 3230 1092 3324 agendi
1128 3232 1644 3320 determinetur,
1708 3261 1922 3336 eaque
1958 3241 2023 3311 se
2053 3240 2302 3311 exserat
2328 3242 2393 3308 in
2437 3231 2707 3308 obiesto

613 3361 742 3434 pro
775 3330 1192 3406 instrumenti
1221 3337 1479 3406 ratione
1506 3360 1583 3407 ac
1612 3355 1859 3412 natura.
1900 3338 2009 3411 Est
2035 3361 2253 3414 autem
2283 3338 2463 3410 verbi
2491 3337 2706 3407 diuini

612 3434 845 3509 eadem
879 3452 1139 3519 namra,
1203 3461 1367 3533 quae
1398 3434 1493 3507 est
1519 3443 1738 3511 omnis
1769 3446 2056 3515 veritatis
2085 3445 2165 3516 ad
2195 3435 2524 3513 astionem
2562 3436 2705 3535 spe·

610 3535 881 3623 stantis,
938 3553 1009 3610 vt
1036 3541 1172 3609 eius
1201 3531 1373 3610 aaio
1419 3535 1500 3610 fit
1527 3542 1823 3638 primum
1849 3548 1920 3613 in
1950 3542 2401 3628 iutellessum,
2456 3538 2740 3612 deinde*

611 3661 736 3736 per
760 3638 947 3710 hunc
970 3641 1039 3710 in
1064 3640 1492 3713 voluntatem
1519 3660 1590 3713 et
1631 3647 1926 3716 animum
1957 3645 2349 3720 vniuersum.
2462 3641 2593 3715 Sed
2630 3656 2705 3713 et

606 3740 787 3810 illius
832 3741 904 3809 in
930 3738 1362 3814 lintellestum
1403 3741 1716 3831 affionis,
1777 3770 1814 3816 a
1857 3751 2134 3820 veritate
2160 3741 2508 3847 qualibet‚'
2542 3742 2703 3817 effe·

604 3835 751 3912 stus
778 3838 1084 3936 impediri
1110 3840 1330 3937 potest
1357 3849 1579 3917 multis
1599 3844 1836 3932 modis,
1862 3867 1934 3918 vt
1961 3848 2217 3923 constat
2249 3853 2426 3919 inter
2449 3872 2703 3931 omnes

603 3958 677 4014 et
701 3942 922 4013 omnis
964 3960 1193 4014 motus
1234 3947 1594 4018 voluntatis
1639 3963 1713 4018 et
1751 3950 1948 4022 animi
1974 3977 2056 4023 ex
2096 3947 2442 4023 intelletlu
2492 3971 2700 4036 ortus,

600 4040 771 4116 liber
798 4037 922 4129 est,
984 4060 1055 4111 et
1090 4047 1509 4139 repugnandi
1550 4047 1930 4122 facultatem
1972 4053 2309 4152 relinquit.
2464 4055 2697 4147 Itaque

596 4166 1006 4243 quamquam
1036 4145 1131 4213 vis
1160 4142 1375 4218 diuina
1414 4152 1484 4221 in
1507 4146 1719 4223 verbo
1753 4170 1824 4224 et
1853 4156 2125 4227 veritate
2155 4152 2343 4232 verbi
2372 4177 2576 4246 agens
2624 4153 2698 4223 in

2385 4269 2694 4329 mentem
