2949 5023
586 362 730 435 312
1285 331 2086 427 nsz'scxr'tntit,

596 539 747 598 tum
789 519 953 597 esso:
1018 547 1240 597 veram
1281 521 1665 595 felicitatem
1708 547 1848 597 non
1891 524 2288 616 contingere
2339 513 2706 610 hibendfssst

595 625 876 714 vtendiS‚
921 625 1211 698 fruendis
1250 624 1448 696 rebus
1493 626 1837 722 corporeis
1890 620 2204 715 et‘flu‘xis,
2253 624 2516 709 diuitiis,
2564 625 2707 697 ho··

598 727 897 811 notibus,
939 724 1412 825 voluptatibus,
1460 723 1571 797 sed
1600 722 1727 800 effe
1757 754 1794 799 a
1825 724 2026 799 rebus,
2050 724 2500 808 inuifibilibus,
2548 740 2710 797 cer-⁷

598 833 684 902 tis
738 848 810 902 et
849 831 1146 912 aeternis,
1191 852 1345 899 vera
1389 830 1641 926 pietate
1682 831 1750 898 in
1779 828 2023 909 Deum,
2070 850 2298 901 amore
2325 843 2398 900 et
2427 824 2708 915 fiducia,-

599 948 782 1003 certa
824 933 934 1027 spe
959 934 1129 1001 vitae
1165 945 1487 1015 aeternae,
1542 927 1720 999 bona
1761 928 2157 1000 conscientia
2204 946 2329 1003 cet.
2356 930 2704 1001 miserianv

601 1049 834 1105 contra
861 1056 1000 1102 non
1029 1025 1157 1101 else
1183 1056 1219 1100 a
1252 1039 1660 1127 paupertate,
1691 1030 2071 1100 humilitate
2102 1030 2310 1117 sortis,
2355 1026 2706 1121 simili-bns:

600 1159 754 1231 que,
804 1129 910 1201 sed
939 1135 1008 1201 in
1036 1135 1404 1223 ignorantia
1433 1154 1657 1200 rernm
1687 1129 2066 1219 diuinarum
2107 1130 2439 1232 ,verbique
2466 1129 2706 1217 diuini,-

601 1238 674 1307 in
716 1229 1070 1312 erroribus,
1109 1233 1315 1314 vitiis,
1365 1224 1874 1328 cupiditatibus:
1924 1235 2124 1316 item,
2169 1259 2388 1306 veram
2429 1230 2693 1304 liberta-

516 1334 519 1343 '
599 1350 738 1407 tem
781 1330 926 1411 effe,
967 1356 1121 1404 cum
1162 1332 1429 1404 ‘obedias
1461 1331 1724 1425 legibus
1767 1331 2008 1405 diuinis
2040 1354 2109 1405 et
2154 1333 2428 1407 obedire
2470 1331 2704 1430 poffis‚'

604 1460 755 1505 cum
781 1435 849 1504 in
881 1431 1204 1531 potestate
1243 1434 1484 1507 habeas
1525 1432 1933 1531 cupiditates,
1987 1458 2116 1506 nec
2152 1438 2230 1508 iis
2259 1436 2340 1509 ab
2376 1434 2708 1508 obedien-·
2765 1508 2774 1522 ,

603 1539 693 1607 tia
736 1559 892 1628 erga
947 1541 1197 1617 Deum,
1240 1552 1310 1607 et
1350 1534 1431 1608 ab
1468 1530 1727 1621 officio,
1774 1537 1973 1606 etism
2017 1553 2251 1609 contra
2275 1537 2700 1611 voluntatem

603 1652 673 1708 et
699 1633 1119 1733 propositum
1147 1640 1369 1722 animi,
1421 1636 1857 1735 detorqueat-e
1888 1654 2015 1711 cet.
2050 1644 2256 1710 maius
2285 1637 2536 1710 malum
2566 1633 2704 1708 effe

600 1740 676 1810 in
705 1740 932 1810 iniuria
961 1738 1276 1825 facienda,
1323 1764 1522 1836 quem
1551 1742 1620 1810 in
1647 1737 1969 1836 patienda,
2019 1738 2360 1838 longeque
2400 1738 2704 1821 rudioris

606 1839 1017 1913 conditionis
1051 1836 1204 1923 effe,
1244 1844 1368 1939 qui
1409 1842 1715 1938 patiatur,
1767 1864 1967 1940 quam
1996 1841 2408 1938 qui‘fecerit:
2455 1855 2697 1912 contu-

604 1943 871 2014 meliam
915 1965 1055 2013 non
1102 1941 1374 2013 haerere
1415 1946 1485 2014 in
1528 1964 1632 2031 eo,
1673 1946 1784 2015 cui
1821 1965 1944 2039 per
1981 1944 2280 2015 iniuriam
2308 1942 2437 2027 fist,
2485 1940 2697 2014 sedin
2739 1982 2744 1989 .

602 2069 691 2115 eo
720 2046 971 2141 potius,
1021 2043 1138 2140 qui
1167 2043 1483 2116 intulerit.
1510 2057 1638 2117 cet.
1738 2042 1866 2116 Sed
1893 2045 2228 2142 explicatis
2254 2042 2559 2117 sensuum
2585 2066 2700 2135 ge-

603 2144 912 2229 neribus,
953 2140 1450 2242 propositisque
1490 2150 1679 2217 vnius
1722 2150 2044 2242 cuiusque
2087 2148 2345 2239 generis
2385 2145 2702 2242 exemplis

602 2245 1015 2342 praecipuis,
1061 2244 1451 2319 accedamus
1489 2245 1570 2317 ad
1609 2244 1707 2321 id,
1767 2250 1836 2317 in
1885 2273 2023 2345 quo
2061 2267 2260 2345 caput
2301 2250 2397 2319 rei
2438 2245 2706 2319 videtin*

604 2342 843 2431 ineffe,
890 2343 1310 2423 vt'sensuum
1351 2347 1581 2419 talium
1625 2343 2159 2420 offumendorum
2203 2350 2369 2421 ratio
2419 2345 2702 2421 demon·

603 2443 859 2519 stretur.
962 2449 1043 2516 In
1087 2472 1222 2546 quo
1263 2451 1580 2548 primum,
1623 2446 1801 2522 vnde
1843 2446 2202 2522 assumendi
2241 2447 2388 2539 fine,
2440 2447 2700 2535 deinde,

605 2547 955 2647 quomodo
982 2544 1211 2621 assumi
1236 2550 1483 2646 poffint
1506 2577 1585 2625 ac
1612 2549 1920 2640 debeant,
1963 2548 2399 2625 ostendemus.
2693 2547 2702 2556 ’

769 2673 879 2744 19.
922 2651 1225 2724 Omnino
1257 2651 1488 2725 fontes
1540 2651 1697 2726 sunt
1737 2652 1914 2738 duo,
1958 2677 1998 2722 e
2041 2650 2284 2751 quibus
2327 2651 2546 2725 sensus
2601 2647 2702 2724 isti

511 2843 515 2852 Α
606 2749 949 2824 hauriendi
989 2747 1371 2841 videantur3
1420 2778 1711 2854 qnorum
1752 2756 1916 2828 alter
1956 2755 2026 2824 in
2052 2753 2187 2852 ipss
2216 2768 2449 2827 natura
2475 2779 2703 2828 rerum

610 2854 958 2925 communi
1010 2853 1200 2939 latet,
1264 2860 1540 2929 rationis
1582 2880 1791 2955 opera
1838 2854 2364 2955 patefaciendus:
2423 2854 2587 2927 alter
2621 2857 2699 2927 in

602 2952 946 3046 scripturis
984 2953 1229 3028 diuinis
1269 2973 1485 3054 patet,
1527 2956 1813 3032 rotenus
1857 2959 2119 3054 penitus
2158 2979 2284 3056 per
2315 2957 2701 3057 prophetas,

604 3050 825 3123 Iesum
859 3052 1192 3127 Christum
1227 3058 1467 3153 ipsum,
1518 3073 1590 3130 et
1617 3056 1977 3156 Apostolos
2004 3062 2165 3133 eius.
2213 3061 2216 3066 ’
2257 3068 2371 3131 Ac
2399 3063 2701 3159 primum

605 3151 827 3225 sensus
854 3155 1017 3225 tales
1041 3180 1078 3225 a
1106 3181 1350 3243 rerum,
1391 3156 1472 3230 ad
1505 3164 2045 3256 quas-pertinent,
2086 3174 2318 3234 natura
2346 3163 2558 3261 repeti
2588 3160 2703 3231 de·

607 3250 787 3338 bere,
835 3257 1125 3350 intelligi
1162 3255 1383 3355 potest
1416 3271 1509 3331 'ex
1548 3260 1685 3358 ipsa
1721 3261 2025 3335 sensuum
2063 3260 2292 3334 indole
2330 3286 2408 3333 nc
2448 3276 2700 3335 natum.

603 3360 797 3429 Nam
834 3384 1045 3456 quum
1078 3361 1149 3432 in
1177 3363 1254 3431 iis
1287 3357 1367 3431 fit
1395 3366 1668 3460 proprie
1698 3363 1867 3435 nihil
1891 3362 2086 3447 aliud,
2129 3387 2332 3462 quam
2362 3360 2445 3432 de
2473 3365 2700 3461 pretio

604 3461 702 3530 rei
730 3462 1046 3559 cuiusque
1086 3476 1158 3533 et
1197 3460 1517 3554 dignitate
1546 3465 1842 3550 naturali,
1890 3480 2035 3538 tum
2063 3490 2185 3566 per
2208 3464 2308 3549 se,-
2335 3479 2483 3536 tum
2511 3488 2704 3537 com-

604 3569 837 3656 parate
866 3588 1019 3635 cum
1047 3563 1362 3637 felicitate
1407 3562 1643 3651 nostia,
1692 3566 2037 3654 iudicium,
2081 3588 2361 3639 mouens
2401 3573 2707 3640 animum

606 3663 684 3732 in
725 3676 1075 3761 vtramque
1118 3679 1414 3763 partem:
1480 3667 1996 3741 fundamentum
2052 3691 2286 3741 eorum
2339 3667 2515 3741 alind
2553 3665 2705 3757 effe,

605 3785 805 3861 quam
837 3766 907 3833 in
957 3768 1088 3860 ipsa
1126 3793 1350 3841 rerum
1380 3785 1634 3852 natura,
1677 3795 1815 3844 non
1851 3766 2088 3867 potest.
2190 3767 2318 3842 Sed
2352 3771 2432 3845 ab
2471 3788 2703 3846 natura

604 3886 833 3936 rerum
865 3860 1080 3936 sensus
1111 3867 1326 3942 restos
1375 3869 1638 3957 ducere,
1687 3872 1752 3944 id
1780 3875 2057 3970 proprie
2095 3870 2193 3945 est
2219 3873 2707 3969 intelligentiae

605 3989 805 4138 εἴης,
850 3981 1151 4039 naturam
1178 3969 1382 4050 ⁴illam
1425 3975 1907 4068 cognoscentis,
1955 3988 2027 4046 et
2052 3977 2196 4047 eius
2231 3980 2704 4068 cognitionem

735 4074 1031 4168 pretium
1075 4093 1301 4146 earum
1342 4098 1421 4147 nc
1455 4078 1596 4151 vim
1621 4074 1702 4150 nd
1740 4073 2128 4150 felicitatem
2151 4073 2706 4167 constituendum

1601 4205 1628 4226 ‘'
2634 4196 2712 4254 et
