2949 5023
900 369 1612 482 ''uanovanvn
1733 439 1738 446 ,
1829 413 1834 420 «
2221 402 2372 479 415

272 551 639 663 bendoque
676 564 778 637 vti
820 560 1113 662 possent,
1176 566 1286 638 hic
1342 582 1580 640 autern
1608 557 1872 641 m'otum
1921 566 2373 643 transeuntem

271 666 484 743 modo
512 667 919 759 agnosceret,
966 665 1101 739 linc
1126 665 1480 741 constantia
1514 695 1609 754 ea,
1663 695 1832 767 quae
1863 666 1955 742 est
1982 667 2060 742 in*
2080 668 2233 768 ἔξω,
2258 671 2372 744 bo·-

271 779 425 845 bitu.
527 775 608 841 In
638 796 765 868 qua
806 767 1248 867 disputatione
1280 770 1496 867 lapsus
1520 768 1614 842 est
1641 787 1941 869 vterque,
1986 791 2059 845 vt
2088 772 2178 856 fit,
2224 773 2370 874 opi-

269 874 496 944 nionis
537 873 689 943 suae
733 869 1186 943 defendendae
1227 868 1455 956 studio,
1509 874 1613 944 cui
1654 889 1791 944 tam
1833 868 2026 945 facile
2068 872 2131 945 se
2161 873 2374 945 admi-

270 975 427 1060 scet,
480 977 681 1045 etiam
712 977 782 1043 in
813 972 994 1046 bona
1030 968 1256 1057 caussa,
1296 971 1621 1072 cupiditas
1648 975 1794 1046 suae
1817 972 2027 1047 laudis
2054 992 2125 1046 et
2150 971 2372 1050 austo-

267 1078 501 1160 rit-atis,
543 1073 849 1171 fallitque
878 1076 1189 1147 homines
1221 1078 1510 1147 veritatis
1540 1073 1989 1148 defendendae
2027 1076 2238 1172 specie
2266 1073 2370 1151 in·

270 1179 410 1256 ani,
461 1202 617 1248 cum
660 1173 938 1274 pro'sua
985 1172 1193 1248 caussa
1240 1174 1646 1272 depugnant.
1748 1181 1932 1248 Nam
1977 1183 2369 1266 Midletonns

270 1275 542 1377 quidem
577 1282 664 1350 ita
700 1276 1062 1350 sententiae
1105 1276 1253 1349 suae
1298 1277 1748 1351 defendendae
1778 1275 1985 1350 caussa
2015 1279 2371 1384 disputauit

269 1384 343 1453 in
374 1380 595 1452 libello
623 1404 728 1463 eo,
752 1405 962 1477 <quem
994 1385 1066 1452 de
1090 1381 1248 1453 'dono
1277 1381 1633 1478 linguarum
1663 1378 1926 1478 scripfit,
1960 1397 2031 1457 vt
2057 1378 2372 1455 Stoa-rw·

270 1479 419 1566 ςίαιν
450 1478 925 1579 Apostolorum
964 1484 1030 1551 in
1060 1481 1370 1554 docendo
1402 1479 1882 1577 scribendoque
1908 1485 1980 1553 in
2015 1481 2370 1555 dubitatio·

269 1609 432 1654 nem
461 1583 791 1655 adducere
819 1585 1170 1665 videretur,
1216 1599 1287 1654 et
1315 1581 1806 1680 propemodum
1849 1584 2370 1656 contumeliosus
2505 1609 2516 1620 ‘

271 1682 469 1756 fieret
528 1689 596 1757 in
657 1682 864 1758 libros
919 1710 1191 1769 eorum,
1271 1681 1834 1778 fiue'orationem
1881 1682 2370 1780 Apostolicam=

277 1782 747 1886 Warburtonus
787 1803 1049 1873 autem,
1102 1786 1261 1858 dum
1303 1781 1747 1872 difficultates,
1795 1808 2026 1864 contra
2070 1784 2373 1860 constan·

272 1890 434 1960 tiam
478 1886 638 1960 doni
690 1889 1103 1983 linguarum,
1164 1890 1445 1986 eiusque
1499 1891 1570 1959 in
1634 1885 1976 1960 scribendo
2050 1887 2263 1973 vsum,
2326 1912 2369 1961 a

160 2065 185 2090 ‚
269 1991 624 2066 Midletono
666 2011 882 2063 motas
932 1987 1290 2063 conabatur
1330 1987 1416 2061 de
1453 1988 1675 2061 medio
1720 1992 1990 2073 tollere,
2035 1986 2370 2062 descendit

269 2089 350 2164 ad
384 2092 709 2164 mirabiles
739 2112 810 2167 et
841 2117 1087 2191 parum·
1111 2116 1344 2186 graues
1370 2089 1455 2162 de
1487 2089 1806 2164 oratione‘
1824 2089 2140 2166 diuinitus
2171 2090 2371 2187 inspi-

268 2209 409 2266 rata
451 2197 831 2294 opinione3‚
881 2220 1041 2289 quas
1087 2195 1273 2265 nullo
1323 2191 1529 2264 modo
1563 2196 1786 2288 potuit
1815 2192 2098 2289 probare
2128 2195 2369 2292 periti!

269 2320 515 2376 rerum,
563 2300 633 2368 in
677 2298 781 2366 his
823 2297 928 2369 771.
957 2299 1272 2378 Lelando,
1338 2295 1764 2385 Theologiae
1807 2313 1875 2362 et
1919 2296 2368 2390 Eloquentiae
2427 2313 2430 2318 ·

270 2400 338 2469 in
371 2396 760 2470 Dublinenli
791 2395 1142 2469 Academia
1170 2394 1520 2469 Profess'ori
1549 2395 1992 2481 eruditiffimO,
2035 2421 2073 2465 a
2101 2421 2238 2493 quo
2271 2391 2370 2467 est

270 2501 472 2572 etiam
528 2524 746 2596 nuper
782 2498 1042 2571 erudito
1072 2498 1242 2572 libro
1269 2498 1606 2571 refutatus.
1710 2502 2070 2594 Vtriusque
2116 2498 2263 2568 libri
2293 2510 2370 2569 et

275 2601 820 2686 Warburtoniani,
866 2608 940 2674 de
979 2604 1240 2675 Natura
1274 2604 1559 2685 Gratiae,
1609 2604 1797 2693 cuiue
1840 2604 1908 2672 in
1943 2598 2121 2672 Libri
2167 2599 2370 2694 primi

272 2728 350 2774 ca
399 2705 493 2775 ite
536 2702 821 2776 secundo
866 2718 935 2773 et
975 2706 1179 2774 tertio
1209 2703 1342 2793 hoc
1383 2705 1538 2796 egit,
1587 2719 1658 2774 et
1687 2704 2014 2776 Lelandini
2044 2698 2372 2774 indicium

168 2834 179 2849 ’
272 2730 522 2878 fagum
578 2802 674 2877 est
730 2829 946 2900 nuper
982 2808 1051 2876 in
1102 2804 1480 2876 Bibliotheca
1531 2805 1913 2901 Theologica.
2031 2802 2157 2874 Sed
2200 2817 2363 2873 ante

272 2906 451 2978 idem
492 2924 718 3000 egerat
752 2907 1228 2982 {Verburtonus
1272 2909 1344 2975 in
1389 2902 1589 2989 libro,
1654 2929 1854 3000 quem
1896 2910 1971 2977 de
2016 2900 2364 2997 Principia

273 3012 598 3106 religionis
625 3010 937 3084 naturalis
963 3021 1024 3080 et
1049 3009 1369 3081 revelatae
1407 3004 1833 3103 inscripserat.
1928 3010 2038 3094 (T.
2069 3011 2111 3076 1.
2139 3007 2368 3080 Homi-

272 3113 584 3208 h'afixta,
627 3117 714 3183 ad
734 3112 878 3183 Iol».
914 3106 1116 3197 XIV,
1148 3111 1284 3205 16.)
1386 3105 1514 3179 sed
1545 3133 1686 3180 rem
1729 3109 1926 3181 altius
1969 3126 2368 3205 repetamue,

270 3228 349 3286 vt
390 3213 602 3311 aliqua
641 3237 791 3285 cum
827 3209 1065 3283 fiducia
1109 3208 1193 3284 de
1218 3206 1431 3283 caussa
1454 3207 1953 3283 toteiudicandi
1978 3208 2366 3283 facultatem
2502 3232 2506 3237 ·

269 3312 663 3409 legentibus·
681 3311 1131 3414 praebeamus.
1340 3378 1349 3385 .

423 3414 927 3518 Antiquiffimis,
970 3433 1040 3502 et
1082 3437 1223 3489 non
1267 3417 1460 3486 nimis
1505 3415 1783 3486 remotis
1829 3410 1911 3485 ab
1938 3425 2153 3483 aetate
2179 3414 2367 3507 Apo·

272 3513 768 3602 stolica‘seculis,
820 3516 1116 3590 videmus
1142 3519 1234 3588 ita
1262 3541 1502 3615 parum
1544 3532 1794 3587 certam
1839 3531 1907 3584 et
1938 3510 2369 3610 perspicuam,

278 3614 361 3686 de
396 3615 576 3691 dono
605 3623 979 3712 linguarum
1007 3622 1277 3711 eiusque
1303 3636 1553 3700 natura,
1609 3616 1845 3687 famam
1877 3610 2080 3698 fuifl'e,
2110 3630 2182 3686 vt
2209 3632 2370 3685 con·

277 3712 544 3788 iesturis
576 3721 782 3793 modo
814 3728 1185 3793 niterentur
1221 3716 1594 3808 Dostores3
1647 3739 1833 3811 quae,
1883 3731 1959 3786 vt
1994 3712 2086 3799 fit,
2129 3739 2370 3813 parum

275 3820 457 3890 inter
487 3816 552 3887 se
578 3819 981 3894 constabant.
1084 3816 1311 3893 Caussa
1333 3821 1479 3904 suit,
1532 3817 1718 3915 quod
1765 3814 1829 3888 id
1858 3816 2175 3891 charisma
2203 3817 2411 3887 vltras

277 3932 567 3993 aetatem
618 3920 1088 4015 Apostolorum
1148 3947 1292 3995 non
1336 3926 1651 4015 viguerat,
1716 3943 1847 3990 nec
1893 3946 1969 3991 ea
2012 3919 2176 4015 ipsa,
2235 3930 2372 4000 aut,

271 4017 1124 4221 ‚effragrare
1161 4021 1993 4226 23331‘5222222523312

1435 4206 1447 4219 .
1479 4192 1486 4201 ·
1945 4174 1966 4211 ι
2314 4219 2328 4233 ,

830 4248 833 4271 s
2235 4240 2371 4291 ml!
