<?xml version="1.0" encoding="UTF-8"?>
<!DOCTYPE html PUBLIC "-//W3C//DTD XHTML 1.0 Transitional//EN"
    "http://www.w3.org/TR/xhtml1/DTD/xhtml1-transitional.dtd">
<html xmlns="http://www.w3.org/1999/xhtml" xml:lang="en" lang="en">
 <head>
  <title>
</title>
<meta http-equiv="Content-Type" content="text/html;charset=utf-8" />
  <meta name='ocr-system' content='tesseract 3.04.00' />
  <meta name='ocr-capabilities' content='ocr_page ocr_carea ocr_par ocr_line ocrx_word'/>
</head>
<body>
  <div class='ocr_page' id='page_1' title='image "./ioaugernestiopu00ernegoog_0410.png"; bbox 0 0 2949 5023; ppageno 0'>
   <div class='ocr_carea' id='block_1_1' title="bbox 545 345 2148 454">
    <p class='ocr_par' dir='ltr' id='par_1_1' title="bbox 545 345 2148 454">
     <span class='ocr_line' id='line_1_1' title="bbox 545 345 2148 454; baseline -0.005 -25"><span class='ocrx_word' id='word_1_1' title='bbox 545 377 695 454; x_wconf 76' lang='lat'>394</span> <span class='ocrx_word' id='word_1_2' title='bbox 972 376 1160 425; x_wconf 56' lang='grc' dir='ltr'>ιυε</span> <span class='ocrx_word' id='word_1_3' title='bbox 1246 373 1653 424; x_wconf 73' lang='lat' dir='ltr'>ornem</span> <span class='ocrx_word' id='word_1_4' title='bbox 1719 345 2148 423; x_wconf 59' lang='lat' dir='ltr'>eunias-1</span> 
     </span>
    </p>
   </div>
   <div class='ocr_carea' id='block_1_2' title="bbox 444 527 2689 1856">
    <p class='ocr_par' dir='ltr' id='par_1_2' title="bbox 444 527 2689 1856">
     <span class='ocr_line' id='line_1_2' title="bbox 549 527 2689 635; baseline -0.003 -21"><span class='ocrx_word' id='word_1_5' title='bbox 549 529 990 614; x_wconf 74' lang='lat' dir='ltr'>offensionem</span> <span class='ocrx_word' id='word_1_6' title='bbox 1022 540 1428 634; x_wconf 77' lang='lat' dir='ltr'><strong>imputantes</strong></span> <span class='ocrx_word' id='word_1_7' title='bbox 1454 533 1652 609; x_wconf 78' lang='lat' dir='ltr'>robus</span> <span class='ocrx_word' id='word_1_8' title='bbox 1685 537 1967 609; x_wconf 84' lang='lat' dir='ltr'>innoxiis</span> <span class='ocrx_word' id='word_1_9' title='bbox 1992 550 2063 605; x_wconf 92' lang='lat' dir='ltr'>et</span> <span class='ocrx_word' id='word_1_10' title='bbox 2089 527 2341 606; x_wconf 65' lang='lat' dir='ltr'>sanstis.</span> <span class='ocrx_word' id='word_1_11' title='bbox 2444 535 2689 635; x_wconf 82' lang='lat' dir='ltr'>Saepe</span> 
     </span>
     <span class='ocr_line' id='line_1_3' title="bbox 545 636 2688 737; baseline -0.002 -23"><span class='ocrx_word' id='word_1_12' title='bbox 545 646 747 715; x_wconf 83' lang='lat' dir='ltr'>etiam</span> <span class='ocrx_word' id='word_1_13' title='bbox 802 645 872 712; x_wconf 91' lang='lat' dir='ltr'>in</span> <span class='ocrx_word' id='word_1_14' title='bbox 926 644 1003 711; x_wconf 81' lang='lat' dir='ltr'>iis</span> <span class='ocrx_word' id='word_1_15' title='bbox 1050 638 1276 732; x_wconf 84' lang='lat' dir='ltr'>figuris</span> <span class='ocrx_word' id='word_1_16' title='bbox 1329 638 1615 714; x_wconf 86' lang='lat' dir='ltr'>latebras</span> <span class='ocrx_word' id='word_1_17' title='bbox 1675 639 1968 737; x_wconf 85' lang='lat' dir='ltr'>quaerit,</span> <span class='ocrx_word' id='word_1_18' title='bbox 2067 636 2688 726; x_wconf 27' lang='lat' dir='ltr'>interdum—etiam</span> 
     </span>
     <span class='ocr_line' id='line_1_4' title="bbox 444 740 2686 839; baseline -0.004 -21"><span class='ocrx_word' id='word_1_19' title='bbox 444 749 445 754; x_wconf 70' lang='grc'>’</span> <span class='ocrx_word' id='word_1_20' title='bbox 543 747 808 818; x_wconf 87' lang='lat' dir='ltr'>inuenit</span> <span class='ocrx_word' id='word_1_21' title='bbox 859 744 1143 839; x_wconf 83' lang='lat' dir='ltr'>prauitas</span> <span class='ocrx_word' id='word_1_22' title='bbox 1195 742 1626 838; x_wconf 85' lang='lat' dir='ltr'>opinionum:</span> <span class='ocrx_word' id='word_1_23' title='bbox 1685 765 1907 837; x_wconf 88' lang='lat' dir='ltr'>neque</span> <span class='ocrx_word' id='word_1_24' title='bbox 1952 740 2152 824; x_wconf 19' lang='lat' dir='ltr'>enim‘</span> <span class='ocrx_word' id='word_1_25' title='bbox 2182 741 2540 836; x_wconf 86' lang='lat' dir='ltr'>quicquam</span> <span class='ocrx_word' id='word_1_26' title='bbox 2587 741 2686 809; x_wconf 78' lang='lat' dir='ltr'>iis</span> 
     </span>
     <span class='ocr_line' id='line_1_5' title="bbox 476 837 2684 940; baseline -0.002 -23"><span class='ocrx_word' id='word_1_27' title='bbox 476 885 480 896; x_wconf 71' lang='lat'>‚</span> <span class='ocrx_word' id='word_1_28' title='bbox 545 843 673 929; x_wconf 88' lang='lat' dir='ltr'>est,</span> <span class='ocrx_word' id='word_1_29' title='bbox 725 863 796 916; x_wconf 91' lang='lat' dir='ltr'>vt</span> <span class='ocrx_word' id='word_1_30' title='bbox 845 847 1179 914; x_wconf 86' lang='lat' dir='ltr'>inimicius</span> <span class='ocrx_word' id='word_1_31' title='bbox 1233 848 1648 940; x_wconf 79' lang='lat' dir='ltr'>proprietate</span> <span class='ocrx_word' id='word_1_32' title='bbox 1697 840 2087 924; x_wconf 78' lang='lat' dir='ltr'>verborum,</span> <span class='ocrx_word' id='word_1_33' title='bbox 2141 837 2228 911; x_wconf 81' lang='lat' dir='ltr'>fic</span> <span class='ocrx_word' id='word_1_34' title='bbox 2276 844 2554 912; x_wconf 84' lang='lat' dir='ltr'>amicius</span> <span class='ocrx_word' id='word_1_35' title='bbox 2585 856 2684 913; x_wconf 76' lang='lat' dir='ltr'>et</span> 
     </span>
     <span class='ocr_line' id='line_1_6' title="bbox 544 941 2683 1042; baseline -0.002 -23"><span class='ocrx_word' id='word_1_36' title='bbox 544 945 1110 1020; x_wconf 77' lang='lat' dir='ltr'>accommodatius</span> <span class='ocrx_word' id='word_1_37' title='bbox 1163 942 1416 1035; x_wconf 85' lang='lat' dir='ltr'>figuris.</span> <span class='ocrx_word' id='word_1_38' title='bbox 1516 953 1706 1031; x_wconf 88' lang='lat' dir='ltr'>Quae</span> <span class='ocrx_word' id='word_1_39' title='bbox 1749 946 1930 1014; x_wconf 80' lang='lat' dir='ltr'>enim</span> <span class='ocrx_word' id='word_1_40' title='bbox 1975 944 2094 1014; x_wconf 63' lang='lat' dir='ltr'>alia</span> <span class='ocrx_word' id='word_1_41' title='bbox 2133 941 2478 1016; x_wconf 74' lang='lat' dir='ltr'>inuolucra</span> <span class='ocrx_word' id='word_1_42' title='bbox 2508 969 2683 1042; x_wconf 75' lang='lat' dir='ltr'>pra·</span> 
     </span>
     <span class='ocr_line' id='line_1_7' title="bbox 544 1039 2678 1144; baseline -0.003 -22"><span class='ocrx_word' id='word_1_43' title='bbox 544 1051 735 1122; x_wconf 80' lang='lat' dir='ltr'>vitati</span> <span class='ocrx_word' id='word_1_44' title='bbox 786 1050 1178 1144; x_wconf 85' lang='lat' dir='ltr'>opinionum</span> <span class='ocrx_word' id='word_1_45' title='bbox 1229 1043 1492 1119; x_wconf 86' lang='lat' dir='ltr'>suarum</span> <span class='ocrx_word' id='word_1_46' title='bbox 1527 1039 1894 1117; x_wconf 84' lang='lat' dir='ltr'>circumdat</span> <span class='ocrx_word' id='word_1_47' title='bbox 1943 1043 2388 1140; x_wconf 88' lang='lat' dir='ltr'>Mysticorum</span> <span class='ocrx_word' id='word_1_48' title='bbox 2442 1062 2511 1114; x_wconf 86' lang='lat' dir='ltr'>et</span> <span class='ocrx_word' id='word_1_49' title='bbox 2535 1051 2678 1118; x_wconf 80' lang='lat' dir='ltr'>Fa-</span> 
     </span>
     <span class='ocr_line' id='line_1_8' title="bbox 549 1146 2675 1246; baseline -0.002 -21"><span class='ocrx_word' id='word_1_50' title='bbox 549 1153 931 1226; x_wconf 80' lang='lat' dir='ltr'>naticorum</span> <span class='ocrx_word' id='word_1_51' title='bbox 979 1151 1193 1229; x_wconf 86' lang='lat' dir='ltr'>nati0,</span> <span class='ocrx_word' id='word_1_52' title='bbox 1268 1165 1338 1218; x_wconf 88' lang='lat' dir='ltr'>et</span> <span class='ocrx_word' id='word_1_53' title='bbox 1382 1146 1622 1244; x_wconf 85' lang='lat' dir='ltr'>quibus</span> <span class='ocrx_word' id='word_1_54' title='bbox 1668 1146 1802 1217; x_wconf 88' lang='lat' dir='ltr'>aliis</span> <span class='ocrx_word' id='word_1_55' title='bbox 1846 1146 2171 1217; x_wconf 82' lang='lat' dir='ltr'>illecebris</span> <span class='ocrx_word' id='word_1_56' title='bbox 2217 1149 2427 1238; x_wconf 82' lang='lat' dir='ltr'>magis</span> <span class='ocrx_word' id='word_1_57' title='bbox 2477 1150 2675 1246; x_wconf 73' lang='lat' dir='ltr'>eupit</span> 
     </span>
     <span class='ocr_line' id='line_1_9' title="bbox 548 1243 2670 1346; baseline 0 -24"><span class='ocrx_word' id='word_1_58' title='bbox 548 1256 809 1323; x_wconf 87' lang='lat' dir='ltr'>animos</span> <span class='ocrx_word' id='word_1_59' title='bbox 876 1247 1233 1346; x_wconf 78' lang='lat' dir='ltr'>simplices,</span> <span class='ocrx_word' id='word_1_60' title='bbox 1335 1264 1405 1320; x_wconf 88' lang='lat' dir='ltr'>et</span> <span class='ocrx_word' id='word_1_61' title='bbox 1454 1243 1615 1346; x_wconf 87' lang='lat' dir='ltr'>quid</span> <span class='ocrx_word' id='word_1_62' title='bbox 1673 1247 2054 1341; x_wconf 80' lang='lat' dir='ltr'>intelligant</span> <span class='ocrx_word' id='word_1_63' title='bbox 2113 1272 2241 1318; x_wconf 89' lang='lat' dir='ltr'>nec</span> <span class='ocrx_word' id='word_1_64' title='bbox 2311 1273 2426 1336; x_wconf 84' lang='lat' dir='ltr'>ne,</span> <span class='ocrx_word' id='word_1_65' title='bbox 2533 1273 2670 1322; x_wconf 83' lang='lat' dir='ltr'>nec</span> 
     </span>
     <span class='ocr_line' id='line_1_10' title="bbox 553 1347 2668 1434; baseline 0 -11"><span class='ocrx_word' id='word_1_66' title='bbox 553 1350 1027 1434; x_wconf 85' lang='lat' dir='ltr'>discernentes,</span> <span class='ocrx_word' id='word_1_67' title='bbox 1130 1373 1256 1418; x_wconf 90' lang='lat' dir='ltr'>nec</span> <span class='ocrx_word' id='word_1_68' title='bbox 1324 1349 1404 1420; x_wconf 85' lang='lat' dir='ltr'>ad</span> <span class='ocrx_word' id='word_1_69' title='bbox 1470 1347 1979 1423; x_wconf 80' lang='lat' dir='ltr'>discernendum</span> <span class='ocrx_word' id='word_1_70' title='bbox 2043 1351 2323 1421; x_wconf 80' lang='lat' dir='ltr'>acutos?</span> <span class='ocrx_word' id='word_1_71' title='bbox 2476 1351 2668 1433; x_wconf 84' lang='lat' dir='ltr'>Quid</span> 
     </span>
     <span class='ocr_line' id='line_1_11' title="bbox 549 1447 2664 1553; baseline 0 -30"><span class='ocrx_word' id='word_1_72' title='bbox 549 1449 734 1553; x_wconf 83' lang='lat' dir='ltr'>quod</span> <span class='ocrx_word' id='word_1_73' title='bbox 785 1455 980 1523; x_wconf 87' lang='lat' dir='ltr'>etiam</span> <span class='ocrx_word' id='word_1_74' title='bbox 1029 1449 1279 1523; x_wconf 85' lang='lat' dir='ltr'>facilius</span> <span class='ocrx_word' id='word_1_75' title='bbox 1329 1470 1397 1523; x_wconf 90' lang='lat' dir='ltr'>et</span> <span class='ocrx_word' id='word_1_76' title='bbox 1448 1466 1858 1547; x_wconf 88' lang='lat' dir='ltr'>torquentur</span> <span class='ocrx_word' id='word_1_77' title='bbox 1914 1449 1992 1521; x_wconf 87' lang='lat' dir='ltr'>ad</span> <span class='ocrx_word' id='word_1_78' title='bbox 2039 1447 2498 1524; x_wconf 75' lang='lat' dir='ltr'>defensionem</span> <span class='ocrx_word' id='word_1_79' title='bbox 2554 1479 2664 1524; x_wconf 87' lang='lat' dir='ltr'>er·</span> 
     </span>
     <span class='ocr_line' id='line_1_12' title="bbox 548 1551 2665 1650; baseline 0.001 -25"><span class='ocrx_word' id='word_1_80' title='bbox 548 1579 821 1633; x_wconf 72' lang='lat' dir='ltr'>rorum,</span> <span class='ocrx_word' id='word_1_81' title='bbox 904 1570 972 1622; x_wconf 88' lang='lat' dir='ltr'>et</span> <span class='ocrx_word' id='word_1_82' title='bbox 1025 1552 1369 1648; x_wconf 76' lang='lat' dir='ltr'>decipiunt</span> <span class='ocrx_word' id='word_1_83' title='bbox 1416 1551 1767 1634; x_wconf 85' lang='lat' dir='ltr'>nonbene</span> <span class='ocrx_word' id='word_1_84' title='bbox 1815 1569 2046 1623; x_wconf 87' lang='lat' dir='ltr'>cautos</span> <span class='ocrx_word' id='word_1_85' title='bbox 2100 1552 2313 1649; x_wconf 80' lang='lat' dir='ltr'>specie</span> <span class='ocrx_word' id='word_1_86' title='bbox 2359 1553 2665 1650; x_wconf 81' lang='lat' dir='ltr'>quadam,</span> 
     </span>
     <span class='ocr_line' id='line_1_13' title="bbox 550 1651 2662 1753; baseline 0.003 -27"><span class='ocrx_word' id='word_1_87' title='bbox 550 1681 724 1753; x_wconf 87' lang='lat' dir='ltr'>quae</span> <span class='ocrx_word' id='word_1_88' title='bbox 800 1653 997 1726; x_wconf 85' lang='lat' dir='ltr'>facile</span> <span class='ocrx_word' id='word_1_89' title='bbox 1073 1657 1291 1726; x_wconf 85' lang='lat' dir='ltr'>oritur</span> <span class='ocrx_word' id='word_1_90' title='bbox 1365 1651 1445 1725; x_wconf 88' lang='lat' dir='ltr'>ab</span> <span class='ocrx_word' id='word_1_91' title='bbox 1527 1678 1754 1726; x_wconf 86' lang='lat' dir='ltr'>earum</span> <span class='ocrx_word' id='word_1_92' title='bbox 1840 1653 2114 1725; x_wconf 79' lang='lat' dir='ltr'>naturali</span> <span class='ocrx_word' id='word_1_93' title='bbox 2203 1652 2662 1749; x_wconf 77' lang='lat' dir='ltr'>ambiguitate.</span> 
     </span>
     <span class='ocr_line' id='line_1_14' title="bbox 547 1754 2661 1856; baseline 0 -24"><span class='ocrx_word' id='word_1_94' title='bbox 547 1760 898 1856; x_wconf 87' lang='lat' dir='ltr'>Denique,</span> <span class='ocrx_word' id='word_1_95' title='bbox 974 1781 1171 1853; x_wconf 85' lang='lat' dir='ltr'>quam</span> <span class='ocrx_word' id='word_1_96' title='bbox 1222 1754 1411 1826; x_wconf 82' lang='lat' dir='ltr'>facile</span> <span class='ocrx_word' id='word_1_97' title='bbox 1457 1769 1529 1826; x_wconf 90' lang='lat' dir='ltr'>et</span> <span class='ocrx_word' id='word_1_98' title='bbox 1575 1755 1766 1852; x_wconf 83' lang='lat' dir='ltr'>saepe</span> <span class='ocrx_word' id='word_1_99' title='bbox 1838 1757 2160 1827; x_wconf 86' lang='lat' dir='ltr'>immiscet</span> <span class='ocrx_word' id='word_1_100' title='bbox 2209 1756 2272 1828; x_wconf 86' lang='lat' dir='ltr'>se</span> <span class='ocrx_word' id='word_1_101' title='bbox 2326 1758 2661 1852; x_wconf 76' lang='lat' dir='ltr'>phantasia</span> 
     </span>
    </p>
   </div>
   <div class='ocr_carea' id='block_1_3' title="bbox 429 1854 2661 1952">
    <p class='ocr_par' dir='ltr' id='par_1_3' title="bbox 429 1854 2661 1952">
     <span class='ocr_line' id='line_1_15' title="bbox 429 1854 2661 1952; baseline 0.002 -22"><span class='ocrx_word' id='word_1_102' title='bbox 429 1883 439 1912; x_wconf 75' lang='lat'>⁸</span> <span class='ocrx_word' id='word_1_103' title='bbox 548 1860 725 1932; x_wconf 83' lang='lat' dir='ltr'>male</span> <span class='ocrx_word' id='word_1_104' title='bbox 778 1855 1026 1938; x_wconf 87' lang='lat' dir='ltr'>sedula,</span> <span class='ocrx_word' id='word_1_105' title='bbox 1104 1871 1176 1926; x_wconf 85' lang='lat' dir='ltr'>et</span> <span class='ocrx_word' id='word_1_106' title='bbox 1217 1854 1454 1927; x_wconf 83' lang='lat' dir='ltr'>lusibus</span> <span class='ocrx_word' id='word_1_107' title='bbox 1501 1855 1662 1944; x_wconf 71' lang='lat' dir='ltr'>suiS,</span> <span class='ocrx_word' id='word_1_108' title='bbox 1733 1859 2139 1952; x_wconf 84' lang='lat' dir='ltr'>plerumque</span> <span class='ocrx_word' id='word_1_109' title='bbox 2176 1857 2542 1932; x_wconf 83' lang='lat' dir='ltr'>humilibus</span> <span class='ocrx_word' id='word_1_110' title='bbox 2586 1878 2661 1936; x_wconf 83' lang='lat' dir='ltr'>et</span> 
     </span>
    </p>
   </div>
   <div class='ocr_carea' id='block_1_4' title="bbox 548 1955 2661 2441">
    <p class='ocr_par' dir='ltr' id='par_1_4' title="bbox 548 1955 2661 2441">
     <span class='ocr_line' id='line_1_16' title="bbox 548 1955 2658 2052; baseline 0.002 -20"><span class='ocrx_word' id='word_1_111' title='bbox 548 1961 839 2052; x_wconf 78' lang='lat' dir='ltr'>indignis</span> <span class='ocrx_word' id='word_1_112' title='bbox 887 1981 1114 2030; x_wconf 88' lang='lat' dir='ltr'>rerum</span> <span class='ocrx_word' id='word_1_113' title='bbox 1169 1955 1559 2029; x_wconf 85' lang='lat' dir='ltr'>sublimitate</span> <span class='ocrx_word' id='word_1_114' title='bbox 1614 1956 1949 2045; x_wconf 79' lang='lat' dir='ltr'>inuifibili,</span> <span class='ocrx_word' id='word_1_115' title='bbox 1993 1957 2334 2033; x_wconf 86' lang='lat' dir='ltr'>deformat</span> <span class='ocrx_word' id='word_1_116' title='bbox 2378 1988 2484 2034; x_wconf 88' lang='lat' dir='ltr'>res</span> <span class='ocrx_word' id='word_1_117' title='bbox 2515 1963 2658 2036; x_wconf 66' lang='lat' dir='ltr'>san-&#39;-</span> 
     </span>
     <span class='ocr_line' id='line_1_17' title="bbox 548 2059 2658 2160; baseline 0.002 -26"><span class='ocrx_word' id='word_1_118' title='bbox 548 2059 907 2134; x_wconf 72' lang='lat' dir='ltr'>stiffimas&#39;?</span> <span class='ocrx_word' id='word_1_119' title='bbox 1013 2066 1207 2143; x_wconf 83' lang='lat' dir='ltr'>Quae</span> <span class='ocrx_word' id='word_1_120' title='bbox 1270 2061 1437 2130; x_wconf 89' lang='lat' dir='ltr'>mala</span> <span class='ocrx_word' id='word_1_121' title='bbox 1496 2062 1721 2131; x_wconf 82' lang='lat' dir='ltr'>omnia</span> <span class='ocrx_word' id='word_1_122' title='bbox 1780 2082 2145 2160; x_wconf 87' lang='lat' dir='ltr'>eruperunt</span> <span class='ocrx_word' id='word_1_123' title='bbox 2191 2063 2281 2154; x_wconf 54' lang='lat' dir='ltr'>,in</span> <span class='ocrx_word' id='word_1_124' title='bbox 2339 2065 2519 2136; x_wconf 80' lang='lat' dir='ltr'>hanc</span> <span class='ocrx_word' id='word_1_125' title='bbox 2566 2064 2658 2139; x_wconf 85' lang='lat' dir='ltr'>sa·</span> 
     </span>
     <span class='ocr_line' id='line_1_18' title="bbox 550 2156 2661 2257; baseline 0.003 -23"><span class='ocrx_word' id='word_1_126' title='bbox 550 2160 836 2234; x_wconf 85' lang='lat' dir='ltr'>cerdotii</span> <span class='ocrx_word' id='word_1_127' title='bbox 894 2158 1176 2254; x_wconf 80' lang='lat' dir='ltr'>figuram</span> <span class='ocrx_word' id='word_1_128' title='bbox 1236 2160 1316 2230; x_wconf 88' lang='lat' dir='ltr'>ad</span> <span class='ocrx_word' id='word_1_129' title='bbox 1372 2156 1657 2231; x_wconf 85' lang='lat' dir='ltr'>nostram</span> <span class='ocrx_word' id='word_1_130' title='bbox 1711 2161 1910 2257; x_wconf 86' lang='lat' dir='ltr'>vsque</span> <span class='ocrx_word' id='word_1_131' title='bbox 1971 2179 2257 2235; x_wconf 83' lang='lat' dir='ltr'>aetatem</span> <span class='ocrx_word' id='word_1_132' title='bbox 2303 2161 2383 2236; x_wconf 70' lang='lat' dir='ltr'>&#39;ea</span> <span class='ocrx_word' id='word_1_133' title='bbox 2432 2169 2661 2241; x_wconf 87' lang='lat' dir='ltr'>multi·</span> 
     </span>
     <span class='ocr_line' id='line_1_19' title="bbox 548 2259 2656 2347; baseline 0.003 -10"><span class='ocrx_word' id='word_1_134' title='bbox 548 2264 815 2347; x_wconf 74' lang='lat' dir='ltr'>tudine,</span> <span class='ocrx_word' id='word_1_135' title='bbox 854 2281 944 2335; x_wconf 47' lang='lat' dir='ltr'>¹vt</span> <span class='ocrx_word' id='word_1_136' title='bbox 984 2265 1056 2334; x_wconf 87' lang='lat' dir='ltr'>in</span> <span class='ocrx_word' id='word_1_137' title='bbox 1097 2267 1175 2336; x_wconf 86' lang='lat' dir='ltr'>iis</span> <span class='ocrx_word' id='word_1_138' title='bbox 1205 2259 1579 2336; x_wconf 79' lang='lat' dir='ltr'>enarrandis</span> <span class='ocrx_word' id='word_1_139' title='bbox 1608 2276 1676 2335; x_wconf 84' lang='lat' dir='ltr'>et</span> <span class='ocrx_word' id='word_1_140' title='bbox 1700 2260 2080 2339; x_wconf 78' lang='lat' dir='ltr'>refellendis</span> <span class='ocrx_word' id='word_1_141' title='bbox 2119 2261 2272 2340; x_wconf 80' lang='lat' dir='ltr'>iusti</span> <span class='ocrx_word' id='word_1_142' title='bbox 2299 2270 2656 2344; x_wconf 79' lang='lat' dir='ltr'>voluminis</span> 
     </span>
     <span class='ocr_line' id='line_1_20' title="bbox 548 2361 938 2441; baseline -0.013 -2"><span class='ocrx_word' id='word_1_143' title='bbox 548 2368 821 2439; x_wconf 85' lang='lat' dir='ltr'>materia</span> <span class='ocrx_word' id='word_1_144' title='bbox 847 2361 938 2441; x_wconf 84' lang='lat' dir='ltr'>fit.</span> 
     </span>
    </p>
   </div>
   <div class='ocr_carea' id='block_1_5' title="bbox 444 2567 2730 3891">
    <p class='ocr_par' dir='ltr' id='par_1_5' title="bbox 444 2567 2730 3891">
     <span class='ocr_line' id='line_1_21' title="bbox 753 2567 2648 2663; baseline 0.003 -23"><span class='ocrx_word' id='word_1_145' title='bbox 753 2576 1032 2655; x_wconf 86' lang='lat' dir='ltr'>Quanto</span> <span class='ocrx_word' id='word_1_146' title='bbox 1100 2590 1266 2658; x_wconf 77' lang='lat' dir='ltr'>ergo</span> <span class='ocrx_word' id='word_1_147' title='bbox 1338 2567 1576 2639; x_wconf 81' lang='lat' dir='ltr'>melius</span> <span class='ocrx_word' id='word_1_148' title='bbox 1641 2582 1711 2639; x_wconf 88' lang='lat' dir='ltr'>et</span> <span class='ocrx_word' id='word_1_149' title='bbox 1773 2568 2088 2643; x_wconf 84' lang='lat' dir='ltr'>salubrius</span> <span class='ocrx_word' id='word_1_150' title='bbox 2138 2584 2211 2644; x_wconf 88' lang='lat' dir='ltr'>et</span> <span class='ocrx_word' id='word_1_151' title='bbox 2267 2573 2485 2644; x_wconf 87' lang='lat' dir='ltr'>tutius</span> <span class='ocrx_word' id='word_1_152' title='bbox 2537 2570 2648 2663; x_wconf 85' lang='lat' dir='ltr'>est,</span> 
     </span>
     <span class='ocr_line' id='line_1_22' title="bbox 545 2667 2650 2768; baseline 0 -25"><span class='ocrx_word' id='word_1_153' title='bbox 545 2671 622 2743; x_wconf 79' lang='lat' dir='ltr'>in</span> <span class='ocrx_word' id='word_1_154' title='bbox 682 2690 758 2742; x_wconf 85' lang='lat' dir='ltr'>re</span> <span class='ocrx_word' id='word_1_155' title='bbox 822 2686 1003 2742; x_wconf 89' lang='lat' dir='ltr'>tanta</span> <span class='ocrx_word' id='word_1_156' title='bbox 1045 2668 1426 2768; x_wconf 86' lang='lat' dir='ltr'>explicanda</span> <span class='ocrx_word' id='word_1_157' title='bbox 1467 2685 1702 2739; x_wconf 89' lang='lat' dir='ltr'>tenere</span> <span class='ocrx_word' id='word_1_158' title='bbox 1760 2667 2253 2768; x_wconf 70' lang='lat' dir='ltr'>simplicitatem</span> <span class='ocrx_word' id='word_1_159' title='bbox 2308 2677 2650 2768; x_wconf 82' lang='lat' dir='ltr'>Euangeli-</span> 
     </span>
     <span class='ocr_line' id='line_1_23' title="bbox 550 2772 2730 2871; baseline 0.001 -28"><span class='ocrx_word' id='word_1_160' title='bbox 550 2796 730 2857; x_wconf 85' lang='lat' dir='ltr'>cam,</span> <span class='ocrx_word' id='word_1_161' title='bbox 812 2797 984 2868; x_wconf 90' lang='lat' dir='ltr'>quae</span> <span class='ocrx_word' id='word_1_162' title='bbox 1041 2772 1237 2842; x_wconf 88' lang='lat' dir='ltr'>nullis</span> <span class='ocrx_word' id='word_1_163' title='bbox 1286 2772 1592 2863; x_wconf 76' lang='lat' dir='ltr'>argutiiS,</span> <span class='ocrx_word' id='word_1_164' title='bbox 1663 2772 2012 2841; x_wconf 83' lang='lat' dir='ltr'>calumniis</span> <span class='ocrx_word' id='word_1_165' title='bbox 2056 2789 2128 2843; x_wconf 89' lang='lat' dir='ltr'>et</span> <span class='ocrx_word' id='word_1_166' title='bbox 2165 2774 2653 2871; x_wconf 84' lang='lat' dir='ltr'>deprauationi-</span> <span class='ocrx_word' id='word_1_167' title='bbox 2725 2850 2730 2853; x_wconf 67' lang='grc'><strong>,</strong></span> 
     </span>
     <span class='ocr_line' id='line_1_24' title="bbox 545 2867 2652 2972; baseline 0.004 -28"><span class='ocrx_word' id='word_1_168' title='bbox 545 2871 676 2944; x_wconf 83' lang='lat' dir='ltr'>bus</span> <span class='ocrx_word' id='word_1_169' title='bbox 724 2871 1009 2945; x_wconf 82' lang='lat' dir='ltr'>obnoxia</span> <span class='ocrx_word' id='word_1_170' title='bbox 1050 2870 1158 2955; x_wconf 81' lang='lat' dir='ltr'>fit,</span> <span class='ocrx_word' id='word_1_171' title='bbox 1221 2871 1329 2946; x_wconf 87' lang='lat' dir='ltr'>sed</span> <span class='ocrx_word' id='word_1_172' title='bbox 1374 2867 1713 2957; x_wconf 84' lang='lat' dir='ltr'>mentibus</span> <span class='ocrx_word' id='word_1_173' title='bbox 1740 2874 2083 2944; x_wconf 87' lang='lat' dir='ltr'>veritatem</span> <span class='ocrx_word' id='word_1_174' title='bbox 2112 2874 2312 2972; x_wconf 81' lang='lat' dir='ltr'>ipsam</span> <span class='ocrx_word' id='word_1_175' title='bbox 2363 2877 2442 2949; x_wconf 87' lang='lat' dir='ltr'>ad</span> <span class='ocrx_word' id='word_1_176' title='bbox 2469 2878 2652 2953; x_wconf 62' lang='lat' dir='ltr'>reae</span> 
     </span>
     <span class='ocr_line' id='line_1_25' title="bbox 543 2970 2652 3070; baseline 0.004 -25"><span class='ocrx_word' id='word_1_177' title='bbox 543 2970 1055 3063; x_wconf 84' lang='lat' dir='ltr'>intelligendum</span> <span class='ocrx_word' id='word_1_178' title='bbox 1119 2973 1496 3070; x_wconf 89' lang='lat' dir='ltr'>perspicue,</span> <span class='ocrx_word' id='word_1_179' title='bbox 1594 2990 1664 3046; x_wconf 90' lang='lat' dir='ltr'>et</span> <span class='ocrx_word' id='word_1_180' title='bbox 1723 2972 1803 3046; x_wconf 83' lang='lat' dir='ltr'>ad</span> <span class='ocrx_word' id='word_1_181' title='bbox 1866 2977 2121 3046; x_wconf 86' lang='lat' dir='ltr'>animos</span> <span class='ocrx_word' id='word_1_182' title='bbox 2200 2974 2652 3067; x_wconf 80' lang='lat' dir='ltr'>admiratione,</span> 
     </span>
     <span class='ocr_line' id='line_1_26' title="bbox 444 3071 2651 3178; baseline 0.007 -37"><span class='ocrx_word' id='word_1_183' title='bbox 444 3092 455 3118; x_wconf 74' lang='lat'>⁸</span> <span class='ocrx_word' id='word_1_184' title='bbox 545 3076 821 3173; x_wconf 85' lang='lat' dir='ltr'>pietate,</span> <span class='ocrx_word' id='word_1_185' title='bbox 869 3088 936 3141; x_wconf 89' lang='lat' dir='ltr'>et</span> <span class='ocrx_word' id='word_1_186' title='bbox 969 3072 1200 3143; x_wconf 91' lang='lat' dir='ltr'>solatio</span> <span class='ocrx_word' id='word_1_187' title='bbox 1230 3072 1632 3145; x_wconf 88' lang='lat' dir='ltr'>imbuendos</span> <span class='ocrx_word' id='word_1_188' title='bbox 1659 3071 2012 3147; x_wconf 88' lang='lat' dir='ltr'>efficaciter</span> <span class='ocrx_word' id='word_1_189' title='bbox 2038 3097 2392 3178; x_wconf 88' lang='lat' dir='ltr'>proponat.</span> <span class='ocrx_word' id='word_1_190' title='bbox 2495 3090 2651 3171; x_wconf 21' lang='lat' dir='ltr'>‘Ha-</span> 
     </span>
     <span class='ocr_line' id='line_1_27' title="bbox 553 3170 2653 3265; baseline 0.003 -18"><span class='ocrx_word' id='word_1_191' title='bbox 553 3172 790 3247; x_wconf 86' lang='lat' dir='ltr'>bemus</span> <span class='ocrx_word' id='word_1_192' title='bbox 840 3176 1269 3253; x_wconf 86' lang='lat' dir='ltr'>Seruatorem</span> <span class='ocrx_word' id='word_1_193' title='bbox 1323 3170 1678 3265; x_wconf 56' lang='lat' dir='ltr'>insignum„</span> <span class='ocrx_word' id='word_1_194' title='bbox 1745 3173 2136 3251; x_wconf 84' lang='lat' dir='ltr'>destinatum</span> <span class='ocrx_word' id='word_1_195' title='bbox 2167 3181 2360 3254; x_wconf 89' lang='lat' dir='ltr'>nobis</span> <span class='ocrx_word' id='word_1_196' title='bbox 2376 3199 2653 3254; x_wconf 82' lang='lat' dir='ltr'>aeterno</span> 
     </span>
     <span class='ocr_line' id='line_1_28' title="bbox 545 3271 2642 3379; baseline 0.002 -30"><span class='ocrx_word' id='word_1_197' title='bbox 545 3276 905 3374; x_wconf 78' lang='lat' dir='ltr'>sapientiae</span> <span class='ocrx_word' id='word_1_198' title='bbox 937 3272 1200 3345; x_wconf 89' lang='lat' dir='ltr'>diuinae</span> <span class='ocrx_word' id='word_1_199' title='bbox 1228 3271 1534 3362; x_wconf 77' lang='lat' dir='ltr'>consilio,</span> <span class='ocrx_word' id='word_1_200' title='bbox 1584 3275 1795 3350; x_wconf 83' lang='lat' dir='ltr'>filium</span> <span class='ocrx_word' id='word_1_201' title='bbox 1824 3283 1955 3350; x_wconf 87' lang='lat' dir='ltr'>Dei</span> <span class='ocrx_word' id='word_1_202' title='bbox 1983 3281 2229 3379; x_wconf 89' lang='lat' dir='ltr'>ipsum,</span> <span class='ocrx_word' id='word_1_203' title='bbox 2277 3285 2386 3378; x_wconf 88' lang='lat' dir='ltr'>qui</span> <span class='ocrx_word' id='word_1_204' title='bbox 2429 3281 2642 3354; x_wconf 67' lang='lat' dir='ltr'>fastus</span> 
     </span>
     <span class='ocr_line' id='line_1_29' title="bbox 542 3372 2644 3476; baseline 0.002 -23"><span class='ocrx_word' id='word_1_205' title='bbox 542 3381 795 3464; x_wconf 81' lang='lat' dir='ltr'>homo,</span> <span class='ocrx_word' id='word_1_206' title='bbox 849 3390 922 3448; x_wconf 85' lang='lat' dir='ltr'>vt</span> <span class='ocrx_word' id='word_1_207' title='bbox 946 3372 1157 3476; x_wconf 82' lang='lat' dir='ltr'>poffet</span> <span class='ocrx_word' id='word_1_208' title='bbox 1202 3378 1488 3447; x_wconf 85' lang='lat' dir='ltr'>humana</span> <span class='ocrx_word' id='word_1_209' title='bbox 1522 3401 1727 3475; x_wconf 84' lang='lat' dir='ltr'>opera</span> <span class='ocrx_word' id='word_1_210' title='bbox 1761 3379 2004 3471; x_wconf 84' lang='lat' dir='ltr'>facere,</span> <span class='ocrx_word' id='word_1_211' title='bbox 2069 3401 2139 3455; x_wconf 93' lang='lat' dir='ltr'>et</span> <span class='ocrx_word' id='word_1_212' title='bbox 2163 3385 2483 3456; x_wconf 77' lang='lat' dir='ltr'>humanos</span> <span class='ocrx_word' id='word_1_213' title='bbox 2515 3383 2644 3457; x_wconf 86' lang='lat' dir='ltr'>do·</span> 
     </span>
     <span class='ocr_line' id='line_1_30' title="bbox 540 3480 2647 3586; baseline 0.002 -35"><span class='ocrx_word' id='word_1_214' title='bbox 540 3481 725 3554; x_wconf 87' lang='lat' dir='ltr'>lores</span> <span class='ocrx_word' id='word_1_215' title='bbox 776 3480 1238 3574; x_wconf 72' lang='lat' dir='ltr'>humanasque</span> <span class='ocrx_word' id='word_1_216' title='bbox 1278 3503 1530 3577; x_wconf 84' lang='lat' dir='ltr'>poenas</span> <span class='ocrx_word' id='word_1_217' title='bbox 1577 3480 1927 3580; x_wconf 81' lang='lat' dir='ltr'>suscipere,</span> <span class='ocrx_word' id='word_1_218' title='bbox 2025 3481 2458 3557; x_wconf 84' lang='lat' dir='ltr'>necessitatem</span> <span class='ocrx_word' id='word_1_219' title='bbox 2512 3511 2647 3586; x_wconf 86' lang='lat' dir='ltr'>pu-</span> 
     </span>
     <span class='ocr_line' id='line_1_31' title="bbox 543 3581 2649 3683; baseline 0.004 -30"><span class='ocrx_word' id='word_1_220' title='bbox 543 3581 948 3653; x_wconf 78' lang='lat' dir='ltr'>niendorum</span> <span class='ocrx_word' id='word_1_221' title='bbox 993 3609 1028 3653; x_wconf 77' lang='lat' dir='ltr'>a</span> <span class='ocrx_word' id='word_1_222' title='bbox 1069 3584 1219 3652; x_wconf 87' lang='lat' dir='ltr'>Deo</span> <span class='ocrx_word' id='word_1_223' title='bbox 1260 3596 1693 3676; x_wconf 81' lang='lat' dir='ltr'>peccatorum</span> <span class='ocrx_word' id='word_1_224' title='bbox 1717 3581 2111 3659; x_wconf 79' lang='lat' dir='ltr'>,nostrorum</span> <span class='ocrx_word' id='word_1_225' title='bbox 2148 3581 2436 3673; x_wconf 86' lang='lat' dir='ltr'>sustulit,</span> <span class='ocrx_word' id='word_1_226' title='bbox 2510 3591 2649 3683; x_wconf 79' lang='lat' dir='ltr'>legi</span> 
     </span>
     <span class='ocr_line' id='line_1_32' title="bbox 544 3680 2650 3787; baseline 0.006 -35"><span class='ocrx_word' id='word_1_227' title='bbox 544 3680 812 3752; x_wconf 82' lang='lat' dir='ltr'>diuinae</span> <span class='ocrx_word' id='word_1_228' title='bbox 847 3683 1035 3755; x_wconf 89' lang='lat' dir='ltr'>suum</span> <span class='ocrx_word' id='word_1_229' title='bbox 1065 3686 1198 3768; x_wconf 77' lang='lat' dir='ltr'>iu3‚</span> <span class='ocrx_word' id='word_1_230' title='bbox 1257 3681 1432 3753; x_wconf 79' lang='lat' dir='ltr'>suam</span> <span class='ocrx_word' id='word_1_231' title='bbox 1477 3680 1934 3769; x_wconf 71' lang='lat' dir='ltr'>austeritatem</span> <span class='ocrx_word' id='word_1_232' title='bbox 1967 3687 2310 3761; x_wconf 87' lang='lat' dir='ltr'>reddendo</span> <span class='ocrx_word' id='word_1_233' title='bbox 2350 3689 2650 3787; x_wconf 73' lang='lat' dir='ltr'>pei-festa</span> 
     </span>
     <span class='ocr_line' id='line_1_33' title="bbox 542 3778 2648 3891; baseline 0.005 -36"><span class='ocrx_word' id='word_1_234' title='bbox 542 3778 881 3855; x_wconf 74' lang='lat' dir='ltr'>sanffltate</span> <span class='ocrx_word' id='word_1_235' title='bbox 916 3800 986 3853; x_wconf 93' lang='lat' dir='ltr'>et</span> <span class='ocrx_word' id='word_1_236' title='bbox 1016 3781 1390 3855; x_wconf 87' lang='lat' dir='ltr'>obedientia</span> <span class='ocrx_word' id='word_1_237' title='bbox 1437 3783 1580 3876; x_wconf 87' lang='lat' dir='ltr'>sua,</span> <span class='ocrx_word' id='word_1_238' title='bbox 1646 3811 1897 3883; x_wconf 88' lang='lat' dir='ltr'>poenas</span> <span class='ocrx_word' id='word_1_239' title='bbox 1938 3807 2166 3886; x_wconf 82' lang='lat' dir='ltr'>autem</span> <span class='ocrx_word' id='word_1_240' title='bbox 2209 3802 2648 3891; x_wconf 81' lang='lat' dir='ltr'>peccatorum</span> 
     </span>
    </p>
   </div>
   <div class='ocr_carea' id='block_1_6' title="bbox 427 3881 2648 3989">
    <p class='ocr_par' dir='ltr' id='par_1_6' title="bbox 427 3881 2648 3989">
     <span class='ocr_line' id='line_1_34' title="bbox 427 3881 2648 3989; baseline 0.004 -32"><span class='ocrx_word' id='word_1_241' title='bbox 427 3951 439 3964; x_wconf 84' lang='lat'><em>,</em></span> <span class='ocrx_word' id='word_1_242' title='bbox 542 3885 996 3958; x_wconf 81' lang='lat' dir='ltr'>humanorum</span> <span class='ocrx_word' id='word_1_243' title='bbox 1033 3882 1303 3979; x_wconf 82' lang='lat' dir='ltr'>iustitiae</span> <span class='ocrx_word' id='word_1_244' title='bbox 1335 3881 1604 3958; x_wconf 89' lang='lat' dir='ltr'>diuinae</span> <span class='ocrx_word' id='word_1_245' title='bbox 1635 3887 2108 3984; x_wconf 82' lang='lat' dir='ltr'>persoluendo,</span> <span class='ocrx_word' id='word_1_246' title='bbox 2171 3910 2245 3966; x_wconf 85' lang='lat' dir='ltr'>vt</span> <span class='ocrx_word' id='word_1_247' title='bbox 2272 3895 2648 3989; x_wconf 63' lang='lat' dir='ltr'>benignitas</span> 
     </span>
    </p>
   </div>
   <div class='ocr_carea' id='block_1_7' title="bbox 541 3980 2651 4188">
    <p class='ocr_par' dir='ltr' id='par_1_7' title="bbox 541 3980 2651 4188">
     <span class='ocr_line' id='line_1_35' title="bbox 541 3980 2651 4097; baseline 0.004 -36"><span class='ocrx_word' id='word_1_248' title='bbox 541 3988 784 4071; x_wconf 79' lang='lat' dir='ltr'>Patris,</span> <span class='ocrx_word' id='word_1_249' title='bbox 856 3983 1034 4060; x_wconf 86' lang='lat' dir='ltr'>saluo</span> <span class='ocrx_word' id='word_1_250' title='bbox 1073 3986 1202 4059; x_wconf 81' lang='lat' dir='ltr'>iam</span> <span class='ocrx_word' id='word_1_251' title='bbox 1247 3980 1529 4060; x_wconf 82' lang='lat' dir='ltr'>iustitiae</span> <span class='ocrx_word' id='word_1_252' title='bbox 1570 3992 1747 4079; x_wconf 86' lang='lat' dir='ltr'>iure,</span> <span class='ocrx_word' id='word_1_253' title='bbox 1813 3992 1991 4065; x_wconf 78' lang='lat' dir='ltr'>salua</span> <span class='ocrx_word' id='word_1_254' title='bbox 2028 3993 2393 4097; x_wconf 79' lang='lat' dir='ltr'>sapientiae</span> <span class='ocrx_word' id='word_1_255' title='bbox 2440 3997 2651 4089; x_wconf 80' lang='lat' dir='ltr'>digni-</span> 
     </span>
     <span class='ocr_line' id='line_1_36' title="bbox 2484 4113 2646 4188; baseline -0.012 -17"><span class='ocrx_word' id='word_1_256' title='bbox 2484 4113 2646 4188; x_wconf 77' lang='lat' dir='ltr'>tate,</span> 
     </span>
    </p>
   </div>
  </div>
 </body>
</html>
