2949 5023
546 396 713 473 266-
824 408 829 419 ⁴
1016 418 1444 470 vmmcwz
1497 410 1875 470 Anaxa-nu
1921 421 2200 472 nxvnu

548 595 807 655 certum
835 577 1043 655 modo
1073 598 1375 681 tempus,
1421 597 1496 653 et
1519 606 1558 652 e
1589 578 1858 654 consilio
1890 585 2054 671 Dei,
2092 596 2169 655 vt
2196 582 2287 654 ita
2311 578 2650 669 dicamug

545 686 973 781 temp0rario.
1018 687 1176 760 Ebr.
1213 684 1521 769 VIL'12.
1559 706 1641 771 13
1673 698 1788 757 cet.
1828 688 1989 756 Nec
2016 682 2221 756 modo
2252 683 2421 755 salua
2448 684 2664 754 telin-⁴
2711 706 2718 709 ’

548 788 781 885 quitur
818 786 928 859 illa
960 783 1328 870 neceffitas,
1386 784 1494 856 sed
1521 787 1718 858 etiam
1750 785 2103 884 dupliciter
2129 799 2439 878 augetur:
2510 786 2649 880 pri·

546 909 740 962 mum
769 882 882 973 sse,
945 904 1020 958 vt
1049 889 1257 979 magis
1301 886 1710 980 intelligatur
1744 911 1823 957 ac
1867 887 2211 959 sentiatur:
2283 882 2527 958 deinde
2571 897 2649 954 vt

547 992 747 1062 nouis
792 986 1018 1061 caussis
1060 986 1364 1060 firmetur
1397 1002 1467 1057 et
1505 984 1962 1079 adstringatur.
2110 994 2296 1059 Nam
2346 1011 2504 1058 cum
2553 987 2670 1055 ita*

547 1088 986 1163 existimatum
1028 1086 1183 1162 e'ss‘et
1228 1089 1308 1162 ab
1360 1088 1744 1161 hominibus
1791 1087 2165 1188 expertibus
2206 1080 2647 1179 Euangelicae

549 1193 929 1289 sapientiae,
1008 1208 1083 1261 vt
1112 1189 1476 1289 sperarent,
1531 1195 1758 1263 Deum
1783 1194 2131 1264 remittere
2157 1191 2229 1262 in
2260 1186 2666 1262 bominibus⁴

551 1293 635 1364 de
665 1297 808 1383 iure
837 1288 1130 1379 iustitiae,
1154 1307 1225 1364 et
1260 1309 1695 1390 peccatorum
1726 1292 1992 1391 culpam
2024 1308 2093 1361 et
2108 1315 2396 1387 poenam
2412 1287 2651 1388 depre-

474 1389 483 1396 ’
548 1390 861 1476 cantibus,
908 1409 1188 1491 propter
1215 1394 1418 1490 ipsam
1449 1391 2011 1489 deprecationem,
2036 1389 2433 1473 condonare,
2463 1386 2668 1487 quod·

546 1517 729 1568 nunc
743 1518 1017 1591 quoque
1034 1512 1393 1593 tantopere
1423 1495 1643 1592 placet
1670 1492 2062 1568 necessariae
2086 1511 2154 1566 et
2184 1494 2485 1566 naturalis
2499 1490 2649 1563 reli-

546 1596 767 1691 gionis
798 1600 1142 1692 'patronis;
1235 1622 1311 1667 ex
1341 1597 1742 1689 Euangelica
1780 1599 1923 1681 ina,
1988 1595 2074 1667 de
2116 1595 2226 1693 spe
2264 1595 2481 1669 salutis
2522 1616 2649 1691 per

545 1697 751 1772 fidem
801 1701 868 1768 in
910 1694 1246 1770 Christum
1278 1693 1612 1783 dostrina,
1668 1694 2083 1770 intenestum
2129 1695 2223 1768 est
2265 1699 2467 1789 longe
2511 1695 2652 1793 pla-

544 1803 714 1884 nius
745 1823 940 1896 quam
972 1802 1265 1893 grauiter
1299 1798 1610 1871 irascatur
1637 1803 1927 1897 peccatis
1954 1795 2193 1871 iustitia·
2223 1798 2444 1870 diuina
2470 1799 2656 1869 Rom.
2717 1872 2720 1877 ,

544 1906 604 1986 I,
642 1926 670 1974 1
690 1918 722 1981 8
742 1905 886 1998 sqq.
927 1917 996 1972 et
1023 1919 1269 1994 quanta
1295 1898 1373 1974 sit
1404 1901 1573 1995 legis
1602 1899 2088 1973 conseruandae
2120 1897 2475 1989 necessitas,
2517 1910 2650 1996 qua

474 2014 481 2031 ‘
544 2002 679 2102 ipsa
709 2001 970 2074 bonitas
1005 2002 1107 2074 illa
1138 2000 1394 2074 infinita
1414 2006 1544 2075 Dei
1580 2004 1960 2102 superetur,
2014 2018 2088 2074 vt
2124 2028 2267 2077 non
2361 1999 2507 2075 offit
2546 2002 2651 2082 iis,

468 2144 477 2149 -
546 2106 669 2203 qui
699 2104 919 2197 legem
951 2102 1317 2188 violassent,
1369 2103 1435 2176 se
1463 2103 1826 2198 benignam
1869 2101 2227 2203 praebere,
2313 2103 2650 2175 nmaxime

532 2207 812 2302 cupiat,
885 2200 1003 2276 nisi
1055 2201 1450 2278 satisfactum
1497 2202 1576 2277 fit
1612 2207 1777 2298 legia
1825 2200 2174 2291 maiestati,
2244 2221 2315 2277 et
2351 2200 2650 2285 iustitiae,

549 2310 737 2378 cuius
768 2302 892 2391 est,
941 2306 1342 2380 maiestatem
1366 2308 1543 2379 illam
1571 2308 1738 2400 legis
1768 2309 1979 2392 tueri,
2037 2331 2318 2406 eamque
2355 2305 2445 2379 ob
2473 2305 2672 2377 caus··

547 2407 680 2481 sam
712 2404 971 2479 necess‘e
999 2408 1311 2482 habuerit
1329 2465 1345 2496 ‚
1392 2405 1444 2480 {i
1471 2410 1673 2481 vellet
1700 2409 1954 2480 seruare
1981 2408 2326 2497 homines,
2379 2423 2449 2482 et
2478 2430 2653 2505 poe-

544 2510 652 2583 nis
681 2513 960 2609 eripere,
1014 2507 1324 2585 idoneam
1355 2506 1696 2584 viaimam
1724 2508 1878 2582 dare
1902 2508 1981 2582 ad
2009 2509 2399 2607 expiandam
2425 2510 2674 2602 legem·

438 2667 441 2672 -
548 2627 621 2684 et
648 2608 953 2685 iustitiam
996 2614 1195 2687 suam.
1346 2620 1542 2697 Quae
1567 2639 1674 2686 res
1705 2610 1909 2687 habet
1939 2628 2194 2685 tantam
2221 2611 2652 2693 euidentiam,

547 2729 625 2788 vt
665 2711 781 2814 ipsi
828 2714 1182 2788 aduersarii
1216 2713 1420 2788 huius
1464 2718 1702 2815 capitis
1765 2713 2128 2808 agnoscere
2174 2732 2540 2808 cogantur3
2603 2710 2655 2787 fi

547 2841 657 2889 res
683 2820 771 2888 ita
799 2812 906 2900 sit,
968 2822 1067 2889 vti
1095 2841 1257 2902 nos,
1322 2816 1669 2890 credentes
1696 2815 1917 2892 verbis
1945 2818 2358 2914 scripturae,
2416 2811 2654 2888 statua·

428 2938 434 2947 ·
547 2940 724 3001 mus,
772 2932 841 2988 et
867 2919 1001 3010 legi
1033 2916 1293 3001 diuinae
1317 2918 1768 2993 neceffitatem
1796 2916 2092 2990 seruandi
2119 2916 2437 2991 summam
2462 2941 2651 2989 acce·

552 3014 748 3100 dere,
793 3031 863 3087 et
890 3014 1230 3103 iustitiam,
1278 3047 1448 3115 quae
1480 3024 1792 3095 irascatur
1815 3023 2135 3120 peccatis,
2197 3035 2451 3093 tantam
2484 3016 2690 3107 fieri,.

547 3132 875 3217 quantam
902 3141 1140 3215 capere
1166 3144 1358 3189 mens
1399 3121 1692 3194 humana
1733 3147 1875 3193 non
1902 3120 2120 3219 poffit·
2233 3126 2391 3196 Nos
2420 3125 2653 3216 igitur,

549 3216 739 3321 quod
766 3217 958 3306 dant,
1005 3220 1388 3316 accipimuS,
1438 3241 1510 3293 et
1537 3222 1617 3293 ad
1650 3222 1912 3295 laudem
1945 3227 2404 3298 Oeconomiae
2431 3227 2674 3296 Euan·'

549 3321 827 3417 gelicae,
882 3336 1241 3419 tantopere
1286 3318 1656 3397 illustrantis
1697 3329 2135 3424 augentisque
2179 3331 2320 3400 vim
2359 3327 2522 3418 legia
2574 3340 2650 3397 et

547 3421 829 3498 iustitiae
855 3421 1147 3506 diuinae,
1197 3421 1641 3497 conferimus:
1684 3425 1965 3499 alterum
1996 3429 2312 3501 hocloco
2339 3424 2670 3499 refellere·

546 3549 694 3599 non
741 3525 1139 3624 suscipimus.
1281 3531 1439 3597 Nee
1482 3543 1614 3600 tam
1658 3530 1999 3625 quaeritur
2039 3531 2111 3600 in
2141 3527 2424 3624 diuinis,
2483 3525 2652 3626 quid

549 3650 747 3700 mens
777 3627 1064 3699 humana
1092 3651 1328 3725 capere
1357 3627 1573 3726 poffit,
1604 3654 1801 3728 quam
1820 3628 1984 3726 quid
2011 3635 2280 3704 credere
2295 3634 2422 3703 Dei
2440 3627 2654 3703 verbo

553 3725 814 3800 debeat.
933 3733 1360 3825 Quamquam
1394 3756 1470 3802 ea
1515 3729 1911 3822 magnitudo
1941 3756 2080 3805 non
2109 3749 2248 3812 tam
2275 3735 2511 3806 contra
2537 3747 2654 3805 aut

550 3828 748 3927 sstpra
778 3830 1107 3900 rationem
1151 3827 1276 3912 est,
1331 3858 1501 3931 quae
1542 3830 1845 3906 iustitiam
1894 3860 1931 3905 a
1960 3839 2113 3907 Deo
2159 3860 2247 3906 ne
2287 3832 2654 3929 cogitando

550 3929 826 4031 quidem
866 3929 1118 4022 seiungi
1158 3930 1339 4029 poss'e
1390 3934 1496 4032 (§.
1541 3939 1700 4026 68.)
1746 3934 2098 4031 intelligit,
2167 3962 2370 4038 quam
2415 3951 2654 4009 contra

552 4031 953 4131 cupiditates
982 4032 1333 4118 humanas,
1383 4059 1665 4131 quarum
1693 4033 1992 4130 interest,
2053 4039 2220 4130 legis
2262 4055 2334 4111 et
2374 4039 2654 4111 iustitiae

553 4131 818 4212 diuinae
859 4136 994 4208 vim
1026 4134 1266 4234 quouis
1309 4133 1519 4210 modo
1561 4137 1808 4226 minui,
1868 4155 1943 4216 vt
1983 4137 2134 4229 fibi,
2189 4142 2444 4216 minori
2494 4149 2658 4213 eum

2383 4259 2658 4331 timore,
