2949 5023
599 397 746 472 299
1019 394 1480 454 Nummus
1546 394 1935 444 Anaxa-1111
1988 395 2281 444 mvnu·
2304 443 2332 460 ,

600 559 810 634 bitem
830 610 849 643 ‚
911 561 978 631 in
1002 556 1235 656 legibus
1264 560 1337 628 de
1364 556 1707 653 difirimine
1729 557 2003 630 ciborum
2025 613 2042 644 ,
2094 552 2284 628 fuisse
2307 549 2391 624 de
2422 551 2700 630 consilio

604 660 866 744 diuino,
930 661 1304 756 disciplinam
1336 656 1623 755 aliquam
1662 663 2064 754 cupiditatum
2089 657 2586 754 castigandamm
2627 674 2702 731 et

598 763 1159 859 refrenandarum,
1215 783 1345 854 per
1384 760 1831 832 necessitatem
1870 755 2237 831 abstinendi
2261 756 2345 828 ab
2388 754 2555 829 cibis
2600 761 2701 843 iis,
2804 829 2811 842 ,

599 862 847 964 quibus
888 863 991 933 alii
1033 862 1265 959 populi
1305 858 1826 945 delestarentur3
1894 859 2096 956 idque
2134 863 2356 932 innuit
2395 861 2701 956 Iosephus

467 1011 486 1026 -
599 971 641 1044 l.
670 993 717 1039 c.
863 969 946 1035 Et
978 962 1128 1034 sunt
1167 962 1377 1032 multa
1417 963 1575 1045 alia,
1634 987 1802 1059 quae
1829 960 1963 1033 dici
1990 965 2062 1032 in
2092 962 2265 1033 hanc
2303 960 2698 1033 sententiam

593 1064 893 1170 possunt:
949 1063 1060 1136 sed
1090 1060 1331 1133 modus
1363 1061 1777 1138 adhibendus
1805 1060 1931 1147 est;
2026 1077 2098 1133 et
2115 1065 2368 1160 viaper
2408 1062 2573 1133 haec
2615 1059 2700 1133 ad

599 1163 1044 1259 indagandum
1093 1161 1185 1233 est
1219 1161 1613 1261 patefacta..
1658 1239 1661 1244 ,
1727 1170 2043 1246 Ceterum
2087 1162 2133 1235 fi
2171 1188 2313 1236 non
2360 1162 2581 1261 potest
2624 1167 2701 1236 in

598 1265 913 1343 omnibus
955 1267 1102 1336 talis
1128 1263 1341 1362 aliqua
1365 1268 1464 1337 vis
1512 1266 1805 1359 indagari
1844 1283 1919 1338 et
1955 1266 2290 1363 explicari,
2357 1289 2498 1338 non
2547 1290 2702 1363 pro·

596 1385 831 1471 pterea
861 1366 1024 1438 nihil
1055 1365 1440 1438 huiusmodi
1469 1369 1541 1439 in
1573 1371 1649 1439 iis
1678 1364 1865 1439 fuiss‘e
1894 1365 2322 1439 iudicandum
2350 1367 2459 1451 est,
2511 1363 2699 1464 quod

598 1466 1043 1543 aflet-salubre
1067 1467 1369 1551 homini,
1423 1468 1780 1560 gloriosum
1810 1473 1985 1544 Deo.
2107 1471 2382 1541 Etenim
2421 1494 2560 1541 non
2604 1464 2699 1539 est

592 1574 865 1652 mirum,
920 1567 967 1642 si
999 1594 1141 1655 noa,
1167 1583 1322 1646 ¹tam
1354 1570 1558 1663 longe
1588 1569 1771 1643 abiis
1799 1570 2220 1667 temporibus
2249 1574 2513 1652 remoti,
2554 1572 2702 1666 qui·

593 1672 724 1746 bus
768 1670 947 1743 illius
991 1670 1371 1768 disciplinae
1413 1697 1564 1746 vera
1594 1674 1780 1746 ratio
1823 1688 1891 1744 et
1915 1696 2113 1743 verus
2142 1670 2288 1743 vsus
2328 1685 2400 1741 et
2437 1672 2700 1769 perspe-

595 1772 743 1850 stus
800 1790 942 1846 erat
980 1773 1467 1870 Prophetarum
1525 1773 1915 1860 traditione,
2015 1790 2089 1844 et
2148 1769 2698 1870 frequentabatur

593 1877 820 1968 wige,
861 1900 938 1947 ea
966 1877 1374 1968 ignoramuS,
1421 1888 1493 1946 et
1530 1873 1748 1949 nostra
1773 1876 2014 1974 sponte
2042 1874 2353 1968 indagare
2381 1899 2519 1947 non
2544 1874 2696 1970 pos-

591 1978 854 2066 sumne,
934 2000 1089 2048 cum
1135 1978 1333 2047 etiam
1377 1973 1614 2052 Christi
1648 1975 2067 2074 temporibus
2108 1979 2426 2076 perpauci
2468 1974 2697 2061 essent,
2796 1981 2797 1986 ’

591 2082 712 2179 qui
755 2080 1082 2152 maiorum
1120 2101 1347 2148 rerum
1389 2103 1612 2152 veram
1655 2083 1988 2151 rationem
2032 2095 2103 2150 et
2143 2079 2550 2170 legitimum,
2612 2077 2697 2148 de

594 2175 872 2253 consilio
901 2179 1063 2260 Dei,
1126 2177 1307 2250 vsum
1347 2194 1677 2252 tenerent.
1790 2184 1878 2251 Et
1904 2181 2056 2253 sunt
2076 2177 2339 2253 fortasse
2369 2176 2694 2276 quaedam

527 2315 528 2320 ¹
590 2284 668 2372 in
713 2282 819 2352 his
855 2277 1078 2351 fimilia
1103 2278 1561 2356 Parabolarum
1592 2281 2140 2376 Euangelicarum
2179 2279 2578 2383 πεςιςοίσεσι
2626 2296 2695 2354 et

597 2379 875 2473 minutis
903 2379 1236 2479 partibile,
1301 2407 1469 2479 quae
1511 2408 1656 2456 non
1696 2388 2035 2483 propriam
2064 2381 2339 2472 cauffam
2367 2401 2481 2455 aut
2506 2382 2695 2476 figni÷
2742 2389 2769 2402 ³

591 2480 979 2557 ficationem
1012 2480 1276 2569 habent,
1317 2483 1427 2556 sed
1456 2480 1793 2585 explendo
1827 2485 2178 2560 Parabolae
2203 2482 2382 2584 quasi
2422 2487 2697 2585 corpori

592 2586 892 2658 seruiunt
903 2616 925 2671 3
988 2587 1060 2656 in
1088 2583 1327 2682 quibus
1372 2585 1418 2658 fi
1445 2589 1592 2685 quis
1630 2589 1979 2686 proprium
2020 2586 2289 2685 aliquod
2316 2590 2446 2659 Dei
2489 2586 2695 2660 conii·

593 2686 756 2765 lium
790 2686 869 2759 ad
897 2686 1304 2786 disciplinam
1330 2689 1533 2760 talem
1562 2693 1906 2787 pertinens
1939 2689 2256 2783 indagare
2281 2690 2476 2773 velit,
2507 2715 2697 2784 argu·

589 2790 712 2860 tias
741 2791 931 2861 citius
982 2812 1219 2885 parum
1262 2789 1641 2888 probabiles
1668 2794 2026 2889 exprimat,
2093 2816 2292 2888 quam
2337 2793 2694 2865 veritatem

586 2893 908 3061 {petiam
946 2888 1146 3059 t{quod
1179 2892 1436 2966 Philoni
1465 2909 1541 2965 et
1579 2895 1720 2967 aliis
1752 2894 2138 2988 allegoricae
2164 2894 2440 2966 rationis
2465 2896 2703 2967 amicis

657 3014 694 3059 e
745 2992 954 3065 eacci
995 2994 1063 3061 it.
2610 2992 2643 3024 '·
2755 3000 2777 3018 ‘⁷

694 3014 842 3159 P10
859 3115 911 3161 1.
960 3088 1129 3161 Illud
1157 3107 1380 3179 autem
1409 3097 1754 3194 praeteriri
1782 3120 1924 3170 non
1956 3094 2173 3185 debet,
2200 3096 2386 3196 quod
2411 3101 2701 3171 maxime·

585 3192 886 3291 pertinet
925 3192 1005 3263 ad
1048 3191 1513 3291 disputationis
1557 3196 1814 3272 nostrae
1853 3195 2240 3273 confilium:
2317 3197 2691 3294 disciplinae

583 3294 733 3367 talis
762 3289 880 3397 etii
913 3318 1048 3364 non
1081 3320 1159 3367 ea
1192 3296 1530 3371 necessitas
1560 3299 1780 3385 fuerit,
1807 3317 1878 3372 vt
1905 3308 2033 3370 fine
2060 3324 2136 3371 ea
2165 3298 2248 3371 ad
2272 3302 2693 3393 religionem,

446 3406 470 3473 '‚
583 3392 826 3480 fidem,
884 3399 1364 3492 poenitentiam
1393 3417 1553 3488 cet„
1614 3401 1849 3474 adduci
1880 3402 2187 3474 homines
2217 3425 2357 3471 non
2412 3398 2687 3498 pnlsent,

585 3510 702 3567 aut
729 3513 802 3568 vt
828 3497 948 3568 alia
975 3494 1105 3569 effe
1147 3525 1286 3572 non
1376 3500 1577 3588 osset;
1634 3519 1867 3576 tamen
1912 3528 2067 3575 cum
2109 3507 2261 3577 Deo
2302 3501 2556 3575 salubre
2605 3502 2693 3575 ad

585 3594 859 3697 consilia
895 3598 999 3669 sua
1032 3600 1237 3691 visum
1270 3527 1459 3691 esset,
1533 3606 1928 3678 cerimonias
1966 3605 2126 3676 tales
2154 3595 2250 3677 acv
2277 3626 2503 3677 mores
2547 3605 2688 3676 san·

582 3697 719 3766 cire
748 3698 804 3792 §
835 3709 946 3784 96.
983 3698 1305 3775 summam
1337 3703 1789 3781 salubritatem
1819 3703 2034 3790 fuiss'e,
2078 3731 2356 3804 eamque
2385 3706 2478 3779 ob
2503 3706 2686 3778 caus·

580 3797 715 3871 sam
743 3795 1136 3891 laudandam
1167 3803 1294 3876 effe
1321 3827 1391 3878 et
1414 3806 1799 3906 sapientiam
1828 3805 2137 3896 diuinam,
2180 3833 2347 3906 quae
2374 3834 2485 3881 eas
2512 3810 2686 3882 sum·

581 3922 735 3971 mae
758 3899 1098 3990 religionis
1132 3904 1220 3976 ita
1245 3910 1582 4002 aptauerit,
1629 3925 1701 3980 et
1736 3907 2114 3997 bonitatem,
2162 3934 2334 4007 quae
2356 3935 2479 4007 per
2508 3911 2688 3982 hane

588 3998 988 4117 disciplinam
1017 4002 1219 4075 talem
1261 4006 1574 4082 adiuuare
1615 4011 1928 4081 homines
1971 4014 2041 4081 in
2073 4014 2263 4082 omni
2307 4026 2500 4112 parte
2528 4011 2677 4083 reli·
2822 4088 2830 4092 ⁴

578 4101 835 4195 giorus,
898 4117 968 4174 et
1007 4104 1544 4185 consuefastione
1573 4110 1854 4211 quadam
1888 4110 1969 4185 ad
2010 4110 2217 4186 fidem
2244 4128 2319 4185 et
2357 4116 2684 4284 pietztgm

951 4252 956 4257 .
1680 4242 1685 4248 -
2471 4239 2510 4284 ῃ
2603 4237 2678 4287 u.
