2949 5023
589 121 645 154 .,

571 297 671 392 70
932 309 941 320 “
1437 293 1782 365 'Aufr

576 481 742 564 dici,
798 474 982 578 quod
1013 472 1104 550 est
1128 477 1366 559 maius,
1423 472 1471 547 li
1503 481 1647 574 quis
1677 476 1839 550 velit
1869 475 2219 574 pueriliter
2246 473 2444 549 verba
2488 472 2692 549 aesti-

579 607 763 655 mare
794 608 831 653 e
866 580 1306 653 vocabulario
1335 578 1694 651 triobolfari.
1807 577 1986 660 Quid
2017 580 2232 671 ergo?
2290 581 2696 652 Immolatio·

580 691 681 762 nis
724 697 927 756 autem
967 707 1139 761 voce,
1201 683 1449 777 inquit,
1523 683 1629 754 vel
1662 681 1776 782 ipst
1814 681 2036 755 ethnici
2058 682 2413 774 scriptores
2457 705 2696 754 verum

568 785 946 885 fhcrificium
976 784 1403 881 designarunt,
1449 788 1547 856 vti
1573 807 1652 854 ex
1677 807 1889 855 eorum
1916 786 2155 868 verbis,
2215 807 2373 877 quae
2424 784 2698 879 referre

568 887 957 986 superfluum
999 887 1224 981 soret,
1298 887 1610 955 evincitur.
1766 885 2108 956 Immolare
2161 888 2317 955 enim
2361 883 2697 978 stepponit
2739 937 2746 948 .

587 987 925 1067 vifi‘imam,
971 1009 1101 1055 eam
1146 1010 1219 1055 ue
1247 989 1599 1057 animatam.
1715 988 1883 1056 Non
1917 1002 2250 1081 putaram,
2311 1000 2448 1054 tam
2474 985 2701 1056 versa-
2783 1017 2786 1022 ·

586 1104 732 1162 tum
768 1082 950 1159 fuisse
979 1089 1094 1155 ini
1152 1088 1203 1156 ‘s
1237 1085 1522 1157 ethnicis
1569 1082 2030 1183 scriptoribus:
2093 1108 2240 1156 eam
2282 1086 2696 1158 latinitatem

590 1193 746 1274 viri,
794 1213 937 1257 eam
970 1185 1443 1284 interpretandi
1476 1189 1804 1259 rationem
1840 1185 2470 1260 animaduerteram!
2550 1184 2698 1260 Sed

590 1317 734 1363 non
766 1289 923 1360 nulli
957 1288 1367 1381 sapientiam,
1430 1303 1503 1359 vt
1533 1291 1707 1359 anari
1739 1313 2015 1372 numos,
2078 1289 2248 1360 clam
2280 1289 2564 1375 habent,
2618 1303 2700 1360 et

596 1393 938 1465 occultant
966 1388 1287 1464 consulto.
1416 1393 1570 1480 ¹Cur
1596 1414 1753 1461 vero
1796 1414 1936 1462 non
1980 1405 2049 1462 et
2074 1388 2359 1477 addidit,
2426 1392 2701 1486 hostiam

594 1494 771 1591 apud
808 1488 960 1562 istos
989 1493 1300 1563 ethnicos
1329 1489 1411 1562 de
1438 1486 1701 1562 vifflma
1734 1495 1880 1561 vina
1909 1490 2079 1561 dici?
2126 1498 2311 1562 Nam
2346 1506 2415 1562 et
2442 1491 2580 1563 hoc
2603 1494 2702 1562 ita

597 1592 706 1666 est.
757 1594 883 1663 Sed
914 1619 1108 1690 quam
1143 1592 1284 1663 vult
1312 1594 1449 1663 eius
1480 1608 1617 1663 tam
1644 1616 1823 1663 rarae
1853 1590 2333 1665 obseruationis
2348 1597 2479 1664 vim
2512 1589 2699 1663 effe?

598 1704 877 1794 Nempe
907 1695 1105 1780 hanc,
1146 1709 1220 1763 vt
1251 1697 1318 1764 in
1348 1690 1542 1763 Missa
1568 1696 1790 1765 viuum
1820 1709 1891 1763 et
1921 1695 2274 1764 animatum
2306 1691 2700 1766 sacrificium

598 1804 754 1871 Deo
792 1821 912 1892 per
945 1794 1345 1867 sacerdotem
1373 1792 1506 1866 fiat.
1571 1793 1772 1879 Quod
1795 1796 1899 1865 ille
1916 1818 2037 1890 per
2061 1795 2125 1864 se
2151 1796 2432 1888 intelligi
2462 1811 2699 1892 putat:
2799 1883 2814 1892 ·

602 1899 773 1972 adeo
791 1923 874 1966 ne
891 1896 1120 1967 diserte
1140 1896 1407 1991 quidem
1427 1895 1657 1991 posuit.
1701 1894 1826 1964 Sed
1844 1920 2008 1991 quae
2025 1892 2117 1966 est
2131 1898 2299 1967 haee
2312 1901 2473 1968 ratio
2493 1900 2701 1966 inter-

600 1997 911 2100 pretandi
929 1998 1251 2088 Liturgias
1283 2024 1360 2068 ex
1378 1998 1660 2067 ethnicis
1678 1995 2122 2094 scriptoribus.
2169 1996 2369 2080 Quasi
2394 2024 2532 2069 non
2559 1996 2702 2093 pln-

603 2128 772 2176 num
789 2095 964 2183 effet,
991 2099 1055 2170 id
1084 2098 1265 2191 quod
1292 2117 1478 2170 antea
1511 2099 1919 2181 monuimus,
1953 2095 2202 2169 formas
2235 2100 2349 2170 has
2375 2095 2703 2196 loquendi.

609 2200 740 2276 esse
769 2228 807 2272 e
840 2201 1027 2272 sacris
1059 2197 1238 2270 libris
1268 2200 1528 2284 sumtaS,
1572 2198 1683 2268 vbi
1702 2195 2020 2270 beneficia
2049 2198 2421 2271 Christianis
2449 2197 2701 2273 tributa

610 2305 926 2377 dicuntur
950 2298 1180 2394 &vo-(oq
1208 2290 1425 2392 δεκταᾷ
1465 2315 1535 2370 et
1574 2295 1863 2399 εὐάξεςοι
1902 2302 1997 2395 τῷ
2040 2296 2207 2400 θεῷ,
2268 2304 2499 2405 hostiae
2538 2324 2700 2372 acce-

603 2422 789 2503 ptae,
824 2407 1141 2499 placentes
1172 2406 1354 2489 Deo,
1394 2415 1586 2473 vetus
1616 2401 1813 2472 latina
1839 2400 2073 2475 habet:
2124 2428 2293 2500 quae
2322 2401 2511 2475 verba
2538 2424 2701 2472 cen-

609 2503 743 2580 ties*
771 2510 837 2578 in
873 2506 1216 2597 Liturgiis,
1264 2503 1347 2576 de
1376 2503 1491 2576 illo
1521 2498 1876 2575 hostiarum
1916 2505 2403 2595 Liturgicarum
2429 2528 2703 2599 genere,

616 2624 1016 2681 occurrunt:
1065 2610 1130 2675 in
1161 2608 1388 2703 primis
1418 2604 1700 2677 ePsalmi
1723 2605 2213 2678 XLIX.verbis:
2264 2610 2537 2680 Immola
2552 2608 2701 2677 Deo

595 2708 976 2808 fiicrtficium
1006 2707 1250 2791 laudm
1314 2732 1482 2804 quae
1511 2705 1708 2779 verba
1737 2707 1927 2804 saepe
1966 2708 2039 2778 in
2068 2708 2385 2800 Liturgiis
2416 2707 2496 2779 ad
2526 2705 2704 2778 obla·

613 2811 835 2881 tiones
871 2811 1056 2902 panis
1089 2825 1161 2877 et
1194 2811 1330 2880 vini
1363 2805 1787 2881 Eucharistici
1816 2806 2423 2882 accommodantur.
2567 2810 2704 2879 Hic

619 2932 938 3006 quaerere
966 2904 1214 2992 lubeat,
1275 2932 1390 2995 an,
1435 2916 1589 3005 quia
1618 2911 1937 2981 immolare
1947 2911 2261 3005 stepponit
2286 2913 2541 3009 hostiam
2573 2913 2703 2982 ani-

617 3024 885 3092 matam,
929 3006 1102 3104 apud
1132 3005 1459 3078 Dauidem
1493 3011 2125 3105 quoquestspponat,
2177 3008 2387 3111 fitque
2413 3015 2550 3085 laus
2578 3011 2698 3094 illa,

617 3135 820 3210 quam
852 3114 1038 3179 Deus
1065 3106 1183 3180 fibi
1206 3108 1537 3180 immolari
1565 3109 1788 3196 iubet,
1845 3114 2086 3183 animal
2116 3112 2344 3183 viuum
2371 3114 2700 3183 etanima-

618 3215 814 3284 tum?
860 3208 988 3282 Sed
1018 3209 1181 3280 nihil
1213 3205 1307 3279 est
1330 3224 1466 3291 tam
1499 3206 1789 3298 stultum,
1818 3209 1999 3307 quod
2030 3236 2169 3284 non
2195 3210 2412 3284 dicere
2425 3213 2700 3283 audeant

620 3314 972 3396 homines,
1017 3336 1169 3383 cum
1195 3310 1395 3383 fixum
1423 3307 1546 3395 est,
1603 3311 1958 3384 defendere
1985 3338 2256 3385 erroreS.
2368 3318 2445 3384 In
2475 3317 2700 3391 Leonis

620 3412 798 3486 libro
845 3440 908 3510 p.
943 3437 1105 3502 312.
1136 3438 1386 3484 munera
1419 3415 1717 3515 Ecclefiae
1763 3414 2077 3486 dicuntur
2123 3413 2473 3485 immolari.
2611 3421 2701 3484 At

625 3539 702 3586 ea
730 3531 913 3586 certe
941 3539 1213 3585 munera
1246 3514 1614 3611 suntpanis
1645 3531 1714 3585 et
1739 3519 1999 3599 vinum,
2046 3539 2185 3587 non
2215 3515 2512 3585 animalia
2542 3518 2699 3586 vina.

623 3619 891 3687 Totum
936 3619 1140 3707 igitur
1186 3616 1320 3687 hoc
1358 3619 1665 3714 ineptum
1707 3614 1800 3688 est
1848 3642 1925 3689 ac
1966 3617 2238 3713 puerile.
2384 3623 2478 3688 At
2528 3619 2699 3687 enim

623 3712 799 3790 stulti
837 3714 986 3787 sunt
1020 3717 1481 3812 protestantes,
1542 3722 1686 3815 qui,
1752 3745 1882 3789 cum
1912 3726 1972 3790 in
2003 3717 2515 3813 Miffaanana
2554 3724 2701 3788 inue-

627 3826 808 3891 niunt
834 3814 1216 3888 sacrificium
1247 3817 1479 3903 laudiS,
1527 3845 1649 3891 non
1678 3820 1849 3891 vltra
1873 3832 2165 3915 pergunt.
2264 3823 2393 3890 Sed
2420 3825 2504 3891 ibi
2528 3826 2698 3889 etiam

630 3925 990 4018 requirant,
1030 3945 1102 3991 ac
1130 3922 1431 3989 invenient
1458 3917 1835 3992 sacrificium
1863 3920 2278 4017 placationiS‚
2336 3926 2505 4017 quod
2529 3923 2699 3990 etiam

630 4028 698 4097 in
724 4025 1225 4097 Sacramentario
1259 4021 1582 4120 Gelafiano
1608 4022 1874 4119 legitur,
1921 4021 2322 4120 Gregoriano
2351 4035 2411 4094 et
2429 4020 2698 4189 G⁰gm

2590 4143 2694 4191 aec
