2949 5023
578 360 723 446 388
936 341 939 344 ⁷
1071 371 1179 418 nn
1280 366 1685 419 orme1o
1775 372 2186 423 eruum-1

580 526 892 628 ligendae
919 524 1179 627 vestigia
1207 533 1273 605 in
1300 532 1418 605 illo
1452 532 1609 609 loco
1642 532 1947 632 impressa
1977 531 2158 622 sunt,
2222 558 2394 633 quae
2420 531 2684 612 assnobis

585 637 811 709 notari
847 629 1127 731 pnlsent,
1160 650 1274 706 aut
1299 639 1858 735 interpretatione
1888 637 2179 709 Paullina
2210 635 2685 712 demonstrata:
2719 635 2734 648 “

586 736 830 811 deinde
858 736 1029 808 illius
1074 737 1418 811 sacerdotii
1462 735 1892 835 praestantia,
1961 755 2106 811 tum
2140 764 2178 809 e
2203 736 2684 814 coniunfflone

588 865 741 912 cum
770 837 1095 938 potestate
1122 842 1297 931 regia
1315 895 1333 925 ,
1381 855 1533 911 tum
1560 867 1637 913 ex
1665 838 2035 925 duratione,
2076 864 2246 939 quae
2271 837 2475 914 finem
2506 843 2689 916 habi·

584 958 737 1016 tura
763 965 902 1012 non
930 935 1024 1010 fit.
1125 943 1215 1011 Et
1241 940 1492 1013 clarum
1523 939 1631 1030 est,
1675 937 1972 1014 Paullum
2006 967 2088 1013 eo
2119 946 2185 1013 in
2219 942 2371 1014 loco
2390 968 2526 1014 non
2545 961 2683 1018 tam

585 1048 880 1144 primum
915 1037 1099 1126 illud,
1147 1067 1342 1140 quam
1376 1038 1697 1138 posterius
1722 1044 2007 1136 intelligi
2036 1044 2227 1116 velle.
2329 1050 2485 1116 Nec
2508 1047 2685 1119 aliud

476 1141 497 1152 ’
590 1143 777 1218 estin
817 1146 973 1216 loco
1000 1144 1350 1216 Zachariae
1383 1145 1771 1244 Prophetae.
1853 1153 1969 1241 ‚At
1997 1170 2153 1217 cum
2183 1147 2484 1239 Pontifex
2515 1147 2685 1221 sum-

589 1273 748 1322 mus
781 1245 1186 1344 appellatur,
1236 1263 1656 1346 comparatus
1682 1271 1839 1320 cum
1871 1254 2171 1334 Aarone‚
2220 1247 2350 1324 sola
2385 1248 2689 1323 sacrificia

589 1351 982 1448 expiatoria,
1035 1348 1470 1445 inprimisque
1498 1349 2015 1420 anniuersarium
2044 1347 2240 1437 illud,
2285 1346 2684 1448 spestantur,

585 1454 662 1526 in
689 1424 932 1550 quibus
963 1442 1287 1541 infignem
1318 1447 1601 1543 figuram
1631 1454 1867 1522 mortis
1885 1447 2125 1523 Christi
2157 1467 2228 1523 et
2253 1450 2684 1526 redemtionis

587 1547 1248 1728 Ξίθὶτὶῗῖζτῐῖπὶὶῃῗιάηξ
1264 1547 2275 1751 ’sadzrggtt'glltetl'uesdisputldtlssqnuee
2284 1556 2693 1730 Ιξὲιζῦἶηὲὶῖἑ

587 1752 991 1831 Christianos
1021 1779 1099 1824 ex
1129 1749 1473 1824 Hebraeis.
1626 1757 1758 1828 His
1787 1757 1878 1826 ita
1906 1751 2305 1841 constitutis,
2356 1756 2693 1857 deinceps,
2729 1777 2734 1784 '

585 1861 683 1933 vti
723 1850 1143 1955 propofitum
1184 1850 1311 1938 est,
1390 1880 1473 1927 an
1519 1870 1591 1928 et
1627 1854 1975 1954 quomodo
2030 1857 2196 1929 haec
2233 1860 2302 1929 in
2349 1856 2690 1933 doflrinae

538 1975 547 1982 ”
587 1957 985 2034 Christianae
1028 1952 1441 2028 institutione
1485 1958 1654 2030 tradi
1698 1974 1770 2031 et
1807 1959 2116 2054 explicari
2161 1963 2548 2053 conueniat,
2608 1961 2695 2033 ad
2731 1981 2746 2000 -.

589 2058 897 2137 officium
930 2053 1167 2130 Christi
1197 2059 1742 2154 intelligendum,
1809 2059 2169 2135 videamus.

735 2264 1032 2338 Primum
1060 2286 1223 2357 ergo
1252 2263 1503 2335 clarum
1534 2260 1662 2335 esse
1691 2261 2116 2352 arbitramur,
2145 2264 2522 2338 Sacerdotis
2550 2291 2698 2340 ver·
2735 2291 2742 2302 ¹

589 2368 754 2444 bum
785 2390 929 2439 non
960 2370 1167 2460 magis
1196 2368 1470 2464 proprie
1500 2362 1626 2436 dici
1660 2363 1742 2436 de
1768 2366 1943 2456 Iesu,
1985 2391 2181 2465 quam
2217 2369 2516 2460 regium;
2581 2368 2697 2441 sed

588 2467 720 2546 esse
737 2493 990 2543 nomen
1008 2464 1368 2559 figuratum
1386 2465 1497 2539 seu
1514 2469 1823 2567 typicum
1843 2494 1861 2554 ;
1903 2466 2084 2568 quod
2101 2468 2375 2542 Iudaeos
2393 2472 2696 2556 maxime,

591 2578 707 2674 qui
736 2569 1172 2645 Christianam
1213 2571 1611 2664 religionem
1653 2570 2120 2668 sequerentur,
2175 2587 2247 2643 et
2287 2597 2449 2645 vero
2494 2578 2697 2646 etiam

593 2690 892 2763 ceteros,
937 2671 1019 2744 ad
1044 2672 1547 2765 intelligendam
1574 2675 1920 2745 veritatem
1955 2673 2351 2759 deduceret,
2378 2699 2549 2771 quae
2577 2673 2727 2752 sub.

590 2776 828 2872 figuris
858 2781 939 2846 V.
967 2779 1059 2861 T,
1084 2772 1383 2848 latuisset.
1441 2775 1572 2848 Sed
1599 2771 1692 2846 est
1717 2771 1888 2847 haec
1916 2796 2242 2875 perpetua
2276 2774 2742 2849 consuetudo·-

593 2867 1015 2975 Apostolica,
1066 2863 1356 2971 ‘maxime
1385 2879 1643 2951 Iudaeis
1686 2895 2100 2975 comparata,
2154 2889 2228 2946 vt
2253 2891 2583 2975 typorum
2627 2893 2700 2951 et

594 2976 1280 3071 figurarumnomina
1324 2981 1834 3052 communicent
1876 3003 2032 3051 cum
2077 2975 2311 3065 rebus,
2387 3002 2510 3077 per
2557 2977 2698 3053 inas

598 3076 949 3172 designatis
963 3108 985 3161 3
1035 3102 1174 3149 non
1205 3104 1344 3176 quo
1370 3083 1642 3178 propria
1668 3076 1796 3151 fine
1809 3105 2032 3152 earum
2064 3105 2289 3153 rerum
2308 3083 2597 3165 nomina,
2627 3094 2699 3152 et
2737 3098 2746 3129 ³

562 3178 687 3255 fic
716 3177 1013 3278 vsurpari
1055 3176 1370 3264 debeant,
1433 3180 1547 3252 sed
1586 3195 1661 3253 vt
1705 3182 2212 3275 intelligentiam
2256 3196 2574 3281 typorum
2620 3195 2696 3254 et

594 3284 1065 3357 vaticiniorum
1090 3278 1425 3364 adiuuent,
1471 3280 1907 3383 doceantque,
1946 3281 2105 3384 quid
2132 3308 2252 3382 per
2277 3308 2391 3357 eos
2409 3278 2694 3374 designa-

586 3401 745 3459 xtum
778 3381 954 3459 esset.
1104 3386 1336 3456 Veluti
1365 3386 1884 3459 Iesumloannes
1928 3411 2157 3486 agnum
2190 3390 2324 3461 Des·
2358 3398 2548 3456 vocat
2588 3387 2697 3458 Ῑο.

599 3490 663 3571 I,
701 3498 812 3573 36.
842 3507 981 3560 non
1014 3510 1152 3585 quo
1183 3485 1318 3587 ipse'
1346 3513 1556 3582 agnus
1580 3484 1687 3574 fit,
1741 3488 1855 3560 sed
1890 3504 1965 3560 vt
1988 3489 2420 3583 intelligatur,
2474 3482 2700 3558 Iesum

604 3583 733 3658 effe
763 3613 950 3675 eum,
1012 3590 1201 3661 cuius
1249 3592 1568 3689 patientia
1592 3593 1658 3660 in
1688 3588 2083 3663 cruciatibus
2109 3607 2180 3662 et
2206 3603 2425 3663 morte
2451 3585 2705 3687 prosa·
2739 3626 2744 3633 ·

602 3686 1132 3763 lutehominum
1164 3690 1509 3777 obeundis,
1554 3690 1670 3765 sub
1697 3696 1852 3785 agni
1881 3695 2187 3786 imagine,
2231 3689 2528 3765 ablesaia
2545 3693 2708 3764 Pro·

600 3786 811 3890 pheta
837 3786 1037 3861 fuerit
1063 3789 1483 3866 adumbrata:
1532 3794 1917 3893 eodemque
1944 3795 2156 3866 modo
2183 3793 2432 3887 vifi'ima
2463 3789 2748 3865 dicitur.

606 3888 735 3963 effe
766 3888 1059 3962 Christus
1088 3918 1213 3991 pro
1243 3898 1558 3991 peccatiS,
1619 3921 1757 3967 non
1790 3921 1924 3992 quo
1966 3895 2104 3994 ipse
2130 3897 2414 3998 proprie
2440 3889 2706 3967 vistima
2729 3928 2751 3943 ε

578 3987 717 4080 fit,
773 3988 887 4065 fed
916 3992 1096 4092 quod
1141 3992 1488 4069 satisfafflo
1518 3998 1657 4069 eius
1696 4020 1827 4097 pro
1868 4003 2192 4098 peccatiS,
2257 4016 2433 4096 quae
2457 3996 2705 4094 poenis

2457 4093 2705 4211 nostda

874 4842 915 4895 ,Γ
