2949 5023
603 403 697 477 62
1218 411 1224 420 '
1470 420 1892 469 ANTI,

606 579 745 676 καὶ,
801 584 868 655 in
896 582 1053 654 loco
1087 582 1312 679 Iustina*
1342 578 1721 677 plusquam
1746 565 2241 648 similitudinem
2273 576 2726 674 qualemcun-

607 712 773 785 que,
837 681 943 754 sed
982 684 1439 778 aequalitatem
1487 681 1897 777 exprimere?
1999 681 2222 761 Hinc,
2283 692 2358 750 vt
2395 676 2726 764 arbitror,

605 783 791 880 quod
834 780 988 856 inde
1027 783 1106 854 ab
1151 783 1374 879 Iustini
1417 798 1663 865 aetate,
1736 794 2059 877 perpetua
2100 778 2292 861 serie,
2367 776 2752 851 Dostores

543 943 550 952 .
588 875 961 968 Ecclesiae,
1009 882 1074 954 id
1106 883 1290 980 quod
1316 885 1463 955 satis
1499 879 1786 964 constat,
1829 906 1911 951 ex
1947 882 2404 954 incarnatione
2446 878 2725 965 christi,

605 1006 911 1062 naturam
948 980 1425 1073 Eucharistiae,
1487 1000 1560 1065 et
1606 1003 1843 1055 contra
1885 1006 1962 1052 ex
1993 981 2118 1052 hae
2161 995 2465 1053 naturam
2493 984 2721 1053 incar·-

606 1092 894 1164 hationis
922 1087 1357 1184 explicarunt.
1425 1082 1621 1157 Vnde
1644 1080 1994 1157 necessario
2026 1077 2333 1169 efficitur,
2359 1097 2449 1167 vt,
2477 1107 2723 1180 quem·

607 1186 969 1263 admodum
1000 1192 1069 1259 in
1098 1181 1453 1285 posteriori
1479 1189 1755 1271 ratione,
1785 1188 2128 1257 veritatem
2151 1181 2717 1282 corporistristi

604 1285 1053 1388 adspestabilis
1082 1315 1160 1360 ex
1184 1292 1463 1360 veritate
1489 1283 1936 1385 adspestabilis
1965 1289 2031 1357 in
2066 1280 2464 1356 Eucharistia
2495 1288 2718 1384 pani3‚

603 1390 693 1484 fic
731 1417 771 1463 e
811 1393 1087 1463 veritate
1129 1388 1461 1461 inuisibilis
1503 1389 1863 1461 diuinitatis
1907 1389 1981 1459 in
2020 1383 2253 1468 vifibili
2297 1381 2715 1458 humanitate

606 1490 872 1575 christi,
938 1495 1287 1564 veritatem
1310 1493 1523 1563 carnis
1562 1507 1633 1561 et
1664 1489 1998 1583 sanguinis
2026 1484 2267 1560 Christi
2291 1489 2360 1560 in
2389 1489 2711 1559 Euchari-

604 1593 722 1667 stin
748 1593 1083 1667 voluerint
1110 1592 1413 1687 intelligi.
1527 1595 1702 1664 Non
1738 1615 1911 1690 opus
1938 1585 2067 1662 esse
2089 1588 2374 1662 arbitror
2399 1608 2532 1662 tam
2565 1590 2712 1660 eui-

606 1694 798 1768 denti
828 1695 1016 1779 loco,
1077 1709 1213 1767 tam
1240 1696 1556 1792 antiquo,
1613 1694 1701 1765 ita
1729 1692 2055 1790 explicato
2086 1707 2159 1763 et
2185 1689 2538 1782 illustrato,
2584 1692 2712 1763 alia

603 1793 986 1897 posterioris
1014 1798 1265 1881 aetatiS,
1319 1819 1487 1895 quae
1512 1811 1766 1868 tantam
1795 1789 2270 1865 austeritatem
2302 1818 2445 1865 non
2476 1791 2706 1877 habet,

604 1897 863 1972 addere.
964 1896 1295 1980 Posterior
1325 1912 1499 1970 aetas
1529 1895 1612 1969 de
1637 1897 1911 1969 veritate
1936 1898 2239 1991 corporis
2272 1911 2343 1968 et
2368 1889 2705 1988 sanguinis

605 1994 849 2073 christi
874 2002 960 2071 itt
988 2000 1326 2098 loquitur,
1360 2013 1434 2070 vt
1461 2012 1795 2096 appareat,
1830 1997 2223 2092 opinionem
2249 1998 2440 2080 han'o,
2482 1994 2528 2066 si
2555 2018 2703 2067 non

605 2103 936 2186 omnium,
971 2116 1041 2172 at
1066 2101 1439 2172 multorum
1464 2095 1670 2184 fuiss'e,
1711 2114 1785 2171 vt
1805 2092 2053 2170 ‘christi
2081 2094 2329 2195 corpus
2354 2113 2427 2171 et
2453 2100 2703 2192 sangui-

600 2228 761 2275 nem
792 2196 1004 2273 statim
1032 2201 1297 2298 adiungi
1320 2202 1480 2298 pani
1509 2218 1581 2272 et
1608 2203 1766 2273 vino
1794 2214 2141 2298 putarent,
2186 2197 2293 2270 vbi
2324 2195 2704 2296 dycaeo-5235,

604 2299 742 2376 flue
772 2302 1206 2389 consecratio,
1270 2328 1394 2403 per
1423 2300 1826 2374 sacerdotem
1852 2315 2008 2372 ante
2046 2302 2358 2378 κοινωνίαν
2392 2298 2559 2375 fasta
2581 2298 2697 2395 sit3
2750 2355 2754 2366 .

605 2405 788 2477 vnde
813 2401 1250 2495 dm'xmsoq,
1315 2410 1518 2476 iacere
1547 2427 1795 2502 corpus
1828 2399 2067 2474 Christi
2091 2406 2160 2473 in
2190 2405 2408 2491 altari,
2467 2402 2698 2475 dicunt

602 2507 1015 2605 frequenter.
1164 2513 1229 2577 Is
1274 2530 1463 2578 error
1504 2502 1681 2579 abest
1724 2503 1802 2578 ab
1832 2503 2061 2592 nobis»,
2115 2507 2231 2600 qui
2278 2508 2695 2605 incorruptae

476 2654 479 2657 -
526 2618 530 2624 ”
604 2604 1010 2707 antiquitatis
1043 2606 1460 2706 disciplinam
1500 2607 1989 2680 conseruamus.
2103 2610 2265 2678 Eius
2300 2623 2518 2681 autem
2549 2607 2696 2679 nul·

603 2712 749 2782 lum
782 2707 874 2781 est
899 2705 1245 2804 vestigium
1275 2714 1343 2783 in
1373 2709 1595 2807 Iustim'
1625 2708 1878 2782 verbis:
1938 2702 2145 2782 immo
2188 2707 2546 2782 contra-est
2584 2711 2695 2780 hic

601 2811 813 2883 locus.
913 2814 1065 2885 Non
1095 2827 1169 2885 vt
1194 2816 1518 2912 vulgarem
1535 2839 1763 2909 panem
1791 2806 2251 2906 λαμβάνομεν,
2298 2817 2550 2899 edimus,
2577 2813 2700 2908 fid

605 2938 741 2983 eum
785 2911 897 3008 effe
931 2927 1232 3008 putamus
1273 2916 1514 3009 Corpus
1560 2914 1794 3012 Christi
1832 2912 2149 3010 quando?
2221 2919 2498 3011 Nempe
2541 2937 2692 2985 cum

601 3009 881 3084 edimus.
994 3017 1260 3085 Etenim
1304 3012 1435 3087 istis
1484 3012 1953 3113 posterioribuss
1979 3013 2193 3088 verbis
2235 3011 2510 3112 possunt
2553 3011 2693 3087 sub·

601 3110 784 3184 stitui
824 3115 1019 3201 haec,
1069 3116 1195 3211 fid
1230 3130 1303 3187 vt
1343 3142 1563 3209 corpus
1609 3116 1841 3205 Chr-isti
1879 3112 2355 3212 λαμβάνομεν,
2435 3121 2704 3190 edimus:

600 3212 791 3309 quod
824 3240 1064 3300 nemu,
1126 3218 1241 3314 qui
1281 3216 1525 3314 aliquid
1567 3220 1634 3286 in
1673 3217 2174 3315 interpretando
2207 3216 2414 3297 videt,
2472 3213 2691 3317 potest

602 3315 918 3389 dubitare.
1030 3319 1097 3390 Si
1135 3323 1279 3417 quis
1307 3316 1687 3416 posterioris
1712 3322 1937 3391 aetatis
1966 3320 2190 3393 locum
2220 3316 2563 3401 desiderat,
2627 3320 2688 3390 ei

600 3418 1075 3511 commendem
1135 3419 1332 3493 verba
1392 3447 1468 3492 ex
1519 3420 1864 3521 Anqstafii‚
1951 3425 2091 3494 Sec.
2148 3426 2261 3493 VI.
2319 3422 2702 3519 Scriptoris2

598 3511 814 3616 ὁδηγῷ
860 3529 941 3613 (c.
975 3533 1115 3617 23.)
1165 3524 1279 3620 qui
1307 3519 1400 3592 est
1426 3526 1517 3594 ita
1546 3521 1853 3606 euidens,
1893 3537 1965 3596 vt
1992 3523 2326 3605 Lutlterusz
2357 3541 2492 3595 ³aut
2519 3524 2688 3622 quis·
2731 3608 2732 3613 Ἰ

601 3647 801 3718 quam
835 3619 1211 3696 nostrorum
1258 3649 1397 3696 non
1442 3626 1701 3722 planius
1746 3649 1890 3697 rem
1939 3629 2304 3722 exprimere
2357 3628 2688 3721 potueritt

598 3726 852 3820 quippe
884 3743 952 3795 et
978 3723 1166 3826 ἅςτον
1195 3721 1394 3821 ψιλόν
1427 3724 1556 3798 effe
1587 3744 1788 3820 negat
1815 3727 2213 3826 Anastaflus,
2245 3728 2451 3823 qualis
2480 3727 2683 3819 vulgo
2739 3740 2744 3747 ‘

596 3823 940 3910 vendatur,
966 3844 1036 3896 et
1065 3827 1410 3903 ἀντίτυπον
1436 3827 1519 3907 τῦ
1549 3834 1862 3925 σώματος
1888 3827 2103 3927 Xera-5,
2131 3824 2390 3921 {ignum
2428 3852 2683 3901 merum

599 3943 669 3997 et
713 3922 991 4018 figuram
1035 3934 1331 4025 corporis
1365 3927 1631 4011 Christi,
1700 3932 1908 4026 qualis
1950 3929 2154 4001 fuerit
2198 3931 2264 4001 in
2296 3926 2684 4003 ludaeorum

596 4022 871 4100 viffimis
902 4041 1027 4100 eet.
1162 4030 1287 4102 Sed
1323 4057 1457 4102 non
1505 4034 1746 4123 ignoro
1790 4031 2272 4103 cauillationem
2319 4028 2680 4102 dissentien-

597 4131 809 4221 tium,
857 4134 1004 4231 qui,
1055 4156 1207 4205 cum
1235 4134 1349 4206 hic
1376 4137 1848 4233 interpretatio
1880 4136 1952 4206 in
1979 4130 2153 4205 suam
2177 4149 2438 4233 partem
2469 4134 2679 4206 omnia

2499 4256 2677 4334 prae-
