2949 5023
569 329 708 413 278
794 342 799 349 ·
1012 340 1438 392 vmmenuz
1507 340 1881 389 anan-nn
1934 344 2211 391 n1-vm1

574 498 781 583 modo
809 527 1005 596 agere
1034 501 1289 573 debeat.
1442 505 1606 584 Quo
1639 502 1846 592 magis
1876 504 2074 572 etiam
2097 557 2113 587 ,
2174 514 2246 573 vt
2286 499 2672 577 hoc'obitet

515 664 518 673 .
574 603 908 690 addamus,
961 601 1368 702 repudiandi,
1415 617 1487 671 et
1517 602 1783 673 vltimae
1810 599 2117 674 stultitiae
2140 602 2476 677 accusandi
2503 608 2674 689 sunt,

470 714 473 717 ‘
575 711 689 806 qui
734 709 837 778 vel
882 708 1111 778 malint
1155 730 1274 799 per
1319 699 1651 774 afflonem
1687 701 1975 775 diuinam
2015 701 2151 774 fine
2181 704 2420 788 verbo,
2488 707 2554 776 h.
2609 731 2672 781 e.

574 835 698 908 per
726 814 894 892 vim,
957 831 1127 904 quae
1170 808 1447 902 proprie
1474 805 1742 887 dicitur,
1804 804 1883 875 ad
1913 804 2112 875 fidem
2148 822 2217 877 et
2260 803 2675 878 sanffltatem

577 911 767 996 duci,
825 908 958 980 line
984 909 1210 1005 potius
1239 905 1410 975 trahi
1426 936 1445 988 3
1541 905 1646 975 vel
1692 906 2284 993 illuminationem,
2351 904 2553 976 fidem
2603 921 2677 977 et

575 1010 975 1085 sanititatem
1011 1009 1410 1100 contingere
1435 1002 1570 1077 sine
1594 1002 1803 1079 verbo
1836 1025 2112 1104 putant,
2174 1025 2245 1079 et
2286 1010 2534 1079 incerta
2562 1006 2677 1104 spe

577 1109 946 1208 exspeftare
976 1109 1225 1185 iubent.
1347 1110 1612 1178 Etenim
1647 1124 2046 1204 peruertunt
2075 1128 2146 1181 et
2174 1112 2557 1206 vituperant
2588 1109 2679 1180 sa-

578 1216 890 1313 pientiam
935 1210 1260 1293 diuinam,
1329 1208 1825 1305 repudiantque
1881 1210 2209 1283 summum
2253 1209 2681 1296 beneficium,

582 1328 907 1408 eruntque
944 1314 1014 1382 in
1043 1310 1156 1389 illa
1198 1310 1305 1380 sua
1331 1306 1815 1405 exspeEtatione
1843 1308 2156 1383 simillimi
2181 1308 2425 1383 rustico
2456 1315 2680 1381 Hora*—
2813 1364 2828 1377 ,

578 1416 795 1497 tiano,
845 1416 1123 1507 quinon
1154 1435 1271 1491 eo,
1321 1436 1524 1506 quem
1551 1436 1656 1480 res
1684 1427 1756 1483 et
1782 1416 1954 1485 ratio
1980 1428 2051 1482 et
2078 1413 2224 1485 vsus
2255 1409 2679 1499 demonstrat,

577 1511 786 1585 modo
827 1509 1099 1586 transire
1138 1508 1389 1585 flumen
1452 1509 1794 1586 obiestum
1853 1529 2107 1601 tentat,
2180 1513 2289 1587 sed
2335 1509 2683 1613 exspeftat,

556 1615 739 1687 'dum
768 1613 1002 1687 defluit
1039 1618 1268 1685 amnis.
1384 1616 1397 1631 “

727 1741 845 1807 90.
917 1718 1135 1808 Longi
1176 1716 1418 1787 fuimus
1457 1719 1529 1787 in
1574 1714 1706 1789 fide
1747 1714 1830 1789 ad
1872 1715 2121 1789 arbitrii
2166 1714 2374 1794 diuini
2415 1716 2679 1821 laudem

581 1818 1018 1906 eonferenda,
1070 1815 1115 1888 fi
1146 1818 1334 1911 longi
1363 1814 1493 1888 effe
1521 1816 1860 1916 possumus
1899 1824 1967 1892 in
2001 1847 2077 1891 ea
2110 1843 2211 1905 re,
2272 1822 2456 1890 cuius
2501 1844 2684 1917 prae⁴

579 1916 809 1992 stantia
839 1921 1021 1991 nulla
1049 1918 1492 2013 disputatione
1519 1938 1719 2017 atque
1751 1925 2057 1993 oratione
2089 1921 2414 1997 exhauriri
2445 1916 2686 2018 potest.

579 2028 736 2094 Nos
770 2038 992 2094 autem
1024 2021 1201 2092 nulla
1238 2023 1309 2092 in
1339 2046 1410 2091 re
1456 2019 1770 2094 libentius
1800 2021 2185 2115 indagamus
2221 2019 2490 2114 vestigia
2516 2021 2686 2094 diui·

583 2149 708 2195 nae
737 2125 1053 2195 bonitatis
1084 2138 1154 2192 et
1182 2121 1529 2219 sapientiae
1547 2179 1565 2209 ,
1630 2149 1831 2223 quam
1862 2129 1928 2195 in
1956 2124 2087 2194 fide
2131 2139 2202 2195 et
2230 2123 2409 2195 verbi
2439 2127 2566 2196 Dei
2592 2127 2688 2195 in·

586 2224 781 2311 dole-3
831 2242 904 2296 et
943 2222 1136 2295 nobis
1178 2224 1317 2296 hoc
1360 2228 1566 2316 magis
1612 2222 1960 2297 necessaria
2002 2228 2130 2298 visa
2164 2223 2258 2295 est
2298 2223 2686 2319 diligentior

583 2325 785 2398 huius
815 2328 1044 2421 eapitis
1073 2322 1408 2411 traaatio,
1473 2326 1662 2424 quod
1705 2330 1982 2399 maxime
2016 2329 2381 2401 obnoxium
2417 2326 2510 2398 est
2537 2352 2686 2401 cor-

583 2427 868 2528 ruptelis
899 2428 1207 2499 humanis
1226 2480 1243 2508 ‚
1292 2444 1361 2497 et
1389 2429 1730 2523 religionis
1759 2431 2094 2501 reuelatae
2119 2428 2424 2503 aduersus
2460 2431 2689 2516 Tirida-

586 2534 733 2604 liuns
778 2529 1152 2602 defensores
1178 2527 1248 2599 id
1278 2529 1478 2626 plane
1502 2531 2120 2628 praetermiserunt,
2174 2532 2282 2604 vel
2325 2558 2562 2632 parum
2593 2531 2688 2603 <li-¹

587 2657 724 2726 gne
769 2649 838 2704 et
866 2634 1245 2729 Scripturae
1274 2635 1333 2703 S.
1370 2635 1862 2706 conuenienter
1900 2633 2281 2707 trastauete.
2429 2635 2558 2708 Sed
2606 2631 2708 2707 fit‘

582 2749 808 2806 tamen
832 2730 1077 2807 modus
1103 2736 1218 2819 rei,
1246 2737 1729 2832 veniamusque
1758 2734 1839 2806 ad
1872 2753 2089 2809 cetera
2118 2731 2448 2809 institutae
2477 2735 2691 2836 dispu-

584 2838 876 2907 tationis.
977 2838 1059 2905 In
1079 2832 1322 2931 quibus
1352 2832 1745 2933 aptiffimum
1773 2835 1992 2922 fuerit,
2025 2843 2237 2934 prima
2268 2857 2687 2912 commemo·
2759 2885 2770 2890 ·

340 3014 348 3022 ,
456 2957 461 2968 ·
584 2960 731 3007 rare
763 2936 1067 3030 Instituta
1110 2937 1452 3018 religionis
1487 2951 1602 3024 ea,
1659 2964 1831 3035 quae
1864 2942 1929 3010 in
1975 2941 2216 3014 scholis
2258 2944 2693 3016 sacramento·

585 3060 725 3109 rum
754 3039 1033 3105 nomine
1058 3034 1498 3131 appellantur.
1604 3040 1881 3111 Habent
1920 3045 2097 3114 enim
2144 3040 2694 3117 coniunfflonem

587 3161 749 3208 eum
773 3132 987 3208 verbo
1019 3133 1249 3207 diuino
1276 3152 1551 3221 tantam,
1582 3154 1655 3210 vt
1669 3145 1867 3214 etiam
1895 3167 2110 3236 genus
2140 3143 2475 3244 quoddam
2507 3146 2695 3219 verbi

591 3237 790 3312 diuini
836 3235 1183 3308 videantur
1220 3238 1575 3337 Augustino
1613 3241 1723 3316 D.
1772 3247 1836 3316 in
1864 3250 1961 3317 Io.
2001 3263 2109 3327 80.
2155 3255 2411 3320 verbum
2460 3249 2690 3346 vg'stbs'le

590 3339 987 3439 appellanti,
1085 3338 1397 3414 laudante
1456 3339 1781 3416 iudicium
1836 3361 1907 3417 et
1939 3353 2229 3419 'acumen
2267 3351 2386 3421 viri
2434 3352 2688 3422 Melan·

589 3446 845 3519 cbthone
887 3448 952 3515 in
976 3439 1174 3538 Apol.
1207 3443 1291 3514 A·
1326 3443 1518 3537 Confi
1548 3458 1670 3516 art.
1699 3468 1808 3534 13.
1859 3450 1993 3519 vim
2022 3467 2246 3522 autem
2275 3447 2355 3519 ad
2383 3445 2584 3522 fidem
2617 3467 2693 3525 et
2795 3476 2811 3485 ·

515 3558 525 3568 '
590 3541 1000 3618 sanaitatem
1045 3545 1151 3615 vel
1211 3541 1656 3636 generandam
1699 3549 1804 3619 vel
1856 3549 2155 3623 alendam
2193 3550 2395 3625 verbo
2437 3578 2694 3651 parem,

590 3659 773 3717 eerte
818 3642 1130 3737 flumem,
1192 3646 1297 3716 vel
1346 3645 1521 3718 hane
1560 3647 1766 3746 ipsam
1808 3648 1898 3721 ob
1939 3651 2258 3741 mulsam,
2338 3657 2487 3752 quia
2530 3680 2698 3731 eum

588 3742 796 3821 verbo
827 3750 957 3817 Dei
995 3742 1218 3822 inusta
1261 3746 1445 3835 sunt,
1509 3764 1580 3821 et
1602 3752 1759 3822 ‘vim
1799 3750 1975 3824 suam
2020 3780 2057 3825 a
2108 3754 2312 3830 verbo
2354 3760 2485 3828 Dei
2526 3762 2694 3831 acei-

586 3851 817 3948 piant,
864 3871 1004 3918 non
1037 3845 1243 3919 modo
1269 3847 1542 3921 iubente
1569 3852 1645 3923 iis
1674 3855 1804 3937 vti,
1873 3854 1985 3925 sed
2015 3859 2219 3929 etiam
2250 3859 2694 3954 promistioni-

586 3952 715 4025 bus
748 3972 1001 4021 -eorum
1046 3947 1226 4018 vsum
1274 3950 1814 4023 commendante.
1961 3965 2187 4055 Atque
2243 3961 2374 4033 hac
2426 3962 2563 4059 ipsa
2609 3961 2702 4033 de

589 4049 803 4127 musta
840 4055 922 4127 iis
966 4052 1356 4128 eommunia
1390 4049 1579 4145 sunt,
1647 4077 1822 4154 quae
1861 4053 2141 4137 diximus
2180 4060 2267 4135 de
2307 4063 2519 4140 verbo
2551 4066 2700 4238 ‘Dii

2546 4189 2619 4267 :p
2652 4189 2698 4238 o
