2949 5023
579 383 676 461 72
894 371 899 382 ‘
1518 387 1839 438 Ακτι

519 560 523 565 ’
583 548 1009 640 theologicae
1049 547 1291 645 accipi,
1345 555 1572 617 tamen
1617 547 1784 619 nihil
1815 540 2122 621 efficitur.
2274 553 2456 620 Nam
2507 546 2724 623 nihii

587 650 1002 747 frequentius
1046 647 1136 718 est
1177 645 1779 731 inoblationibm,
1881 672 2081 743 quam
2128 664 2218 719 vt*
2253 647 2362 720 ista
2405 672 2720 722 munera

587 757 775 852 panis
806 770 875 822 et
905 753 1064 836 vini,
1107 751 1254 845 quia
1284 746 1496 819 vlibus
1524 733 1982 822 Eucfflristicis
2008 766 2078 821 ot
2107 749 2355 821 deinde
2379 754 2719 850 pauperi·

588 853 713 926 bu‘s
753 850 1188 940 destinantur,
1252 847 1559 947 prodess‘e
1585 850 1888 922 dicantur
1916 848 1998 920 ad
2042 850 2484 924 remissionem
2530 876 2717 951 pec-

590 972 917 1028 catorum.
1016 956 1084 1022 P.
1124 974 1285 1045 300.
1318 949 1635 1027 Sacerdos
1665 955 1730 1022 in
1751 951 2095 1025 oblatione
2126 971 2292 1035 orat,
2322 967 2393 1023 vt
2410 977 2717 1040 munera,

589 1084 749 1156 quae
780 1055 1171 1150 defiruntur,
1233 1067 1298 1124 et
1338 1056 1634 1127 medelam
1665 1052 1938 1151 afferant
1977 1067 2041 1125 et
2070 1057 2358 1153 gloriam.
2504 1066 2712 1125 Ante

484 1177 494 1188 ·
591 1185 658 1262 p.
698 1180 855 1249 399.
887 1155 1075 1248 buin}
1090 1152 1422 1227 oblationis
1451 1154 1803 1252 obsequium
1828 1161 1913 1226 ad
1929 1156 2342 1249 placationem
2374 1161 2466 1227 tui
2490 1161 2708 1228 nomi·

593 1266 692 1332 nis
721 1257 1028 1352 nobissac
1051 1260 1427 1349 provenire,
1494 1282 1557 1353 p.
1597 1279 1632 1342 3
1652 1279 1757 1325 ια.
1801 1259 2032 1351 respice
2067 1262 2380 1352 propitius
2411 1273 2709 1341 munera',

594 1384 754 1460 quae
801 1358 1185 1429 immolamus
1220 1382 1352 1453 pro
1392 1360 1620 1458 nostris
1661 1355 2115 1455 offenfionibus',
2174 1375 2246 1429 et
2279 1356 2365 1428 {ic
2414 1360 2703 1429 centissa

468 1537 477 1546 ,
594 1469 820 1555 Atque
850 1460 975 1529 bae
1004 1457 1360 1541 formulae,
1412 1453 1529 1529 etsi
1561 1479 1698 1525 non
1732 1457 1875 1528 satis
1909 1453 2169 1530 esraitae
2198 1459 2344 1530 sunt
2373 1456 2452 1528 ad
2480 1457 2704 1530 subti-

597 1563 733 1634 lem
775 1561 1198 1649 Theologiae
1243 1561 1573 1630 rationem
1617 1571 1686 1627 et
1725 1557 2048 1630 summam
2080 1564 2458 1643 veritatem,
2519 1579 2703 1656 quae

592 1659 830 1735 talibus
859 1655 1282 1743 muneribus,
1344 1675 1416 1731 et
1453 1658 1827 1734 liberalitati
1868 1661 2112 1732 nullam
2138 1664 2278 1732 vim
2319 1660 2403 1730 ad
2430 1664 2704 1730 veniam

456 1828 469 1831 ,
594 1781 1031 1863 peccatorum
1077 1758 1427 1857 relinquit:
1488 1755 1711 1832 tamen
1743 1759 2098 1832 commoda
2139 1764 2703 1856 interpretatione

596 1866 845 1937 molliri
873 1853 1165 1962 poss‘unt3
1222 1875 1295 1933 v't
1334 1862 1496 1934 nihil
1526 1861 1843 1946 habeant,
1887 1860 2070 1957 quod
2100 1859 2498 1958 reprehendi
2532 1860 2694 1958 pos·

519 1997 528 2010 ·
595 1960 706 2036 fit:
767 1964 1151 2063 praesertim
1200 1988 1355 2035 cum
1387 1967 1458 2034 in
1486 1960 1638 2062 ipfis
1682 1961 1863 2033 libris
1891 1952 2131 2034 diuinis
2178 1962 2494 2061 quaedam
2547 1983 2696 2032 non

597 2065 904 2139 absimilia
930 2065 1348 2161 reperiantur
1371 2062 1697 2164 loquendi
1738 2088 2020 2158 genera,
2076 2062 2158 2136 de
2198 2063 2437 2164 quibus
2470 2062 2698 2134 dicere

474 2183 490 2193 ‘
597 2193 741 2241 non
786 2165 879 2237 est
912 2160 1182 2237 necesse.
1352 2162 1358 2169 '

741 2266 910 2339 Illud
941 2290 1211 2362 quoque
1251 2291 1663 2363 magnopere
1709 2267 1971 2364 cupiam
2005 2262 2229 2336 doceri
2272 2265 2351 2336 ab
2385 2263 2699 2338 sacrificii

598 2366 793 2439 huius
825 2365 1246 2440 Eucharistici
1278 2366 1738 2440 defensoribus
1761 2423 1778 2454 ,
1823 2366 2211 2463 quomodo,
2262 2364 2309 2437 fi
2327 2365 2587 2464 'hostiae
2619 2378 2696 2436 et

597 2466 892 2539 sacrificii
923 2471 1196 2541 nomine
1226 2470 1674 2562 Liturgiarum
1704 2464 2007 2541 austores
2036 2468 2415 2540 intellexere
2444 2487 2695 2561 corpus

514 2570 515 2573 ’
599 2578 669 2632 et
710 2563 1095 2654 sanguinem
1142 2559 1412 2646 Christi,
1471 2566 1855 2661 quomode,
1932 2570 2235 2662 inquam3
2304 2573 2370 2637 in
2418 2572 2695 2637 Canone

601 2664 1020 2755 Gregoriano
1050 2663 1664 2759 aliisqueL-iturgiis
1704 2663 1997 2735 sacerdos
2026 2690 2265 2755 rogare
2294 2671 2514 2736 Deurn
2548 2665 2692 2760 pos-

598 2760 695 2845 fit,
741 2780 812 2835 vt
839 2767 994 2835 illud
1001 2764 1398 2859 stur-ilicium,
1438 2769 1620 2839 illam
1649 2769 2016 2838 oblationem
2043 2768 2430 2849 benedifi‘am,
2463 2780 2690 2851 ratam,
2833 2810 2848 2819 ,

604 2868 1034 2936 rationabilem
1059 2865 1294 2955 facere
1332 2872 1659 2964 dignetur,
1733 2881 1804 2938 vt
1845 2874 2019 2938 nobis
2059 2890 2282 2963 corpus
2313 2878 2404 2939 'ct'
2429 2868 2694 2964 fitngm's

598 2964 726 3056 fiat
758 2964 1124 3066 dilefftsfimi
1138 2964 1305 3055 filii,
1354 2971 1619 3040 Domini
1650 2971 1786 3040 Dei
1811 2968 2008 3065 nostri
2034 2972 2097 3040 I.
2127 2968 2201 3041 C·
2301 2974 2478 3040 Nam
2534 2994 2687 3066 pro-

602 3061 783 3136 festo
802 3118 821 3149 ‚
869 3060 917 3134 fi
945 3061 1328 3136 sacrificium
1348 3119 1365 3151 ,
1418 3071 1607 3140 cuius
1636 3085 1791 3140 ante
1819 3074 2071 3141 mentio
2099 3064 2294 3152 fasta,
2346 3065 2438 3140 est
2466 3094 2689 3143 verum

602 3181 673 3237 et
714 3167 947 3238 viuum
992 3171 1238 3262 corpus
1288 3170 1339 3237 1.
1376 3171 1456 3239 C.
1500 3166 1974 3265 perabsurdum
2020 3169 2111 3241 est
2149 3196 2419 3265 rogare,
2471 3187 2540 3240 vt
2579 3168 2688 3242 fiat

603 3292 851 3364 corpus
883 3272 932 3338 I.
964 3270 1037 3339 C.
1187 3249 1413 3339 Multa
1443 3269 1839 3342 huiusmodi
1869 3269 2180 3368 disputari
2233 3270 2524 3371 pulsent:
2582 3269 2684 3357 sed

601 3388 672 3442 et
699 3368 781 3441 ab
809 3369 953 3442 aliis
983 3364 1238 3439 dudum
1269 3367 1634 3465 propoiita,
1693 3396 1818 3443 nec
1858 3372 2018 3445 dum
2063 3375 2349 3446 refutata
2386 3373 2559 3445 sunt:
2616 3386 2684 3443 et

604 3497 729 3543 nos
763 3496 902 3543 non
935 3483 1158 3541 totum
1186 3471 1372 3543 hune
1406 3473 1631 3544 locum
1659 3472 1961 3571 perfeeto
1984 3474 2377 3574 disceptare,
2416 3473 2523 3544 sed
2540 3478 2680 3545 Mu-

588 3566 935 3643 .ratoriana
952 3570 1251 3643 refellere
1269 3569 1728 3647 constituimus
1746 3604 1762 3646 ε
1807 3575 1990 3665 quod
2020 3600 2145 3647 nos
2162 3574 2449 3673 quidem,
2465 3575 2680 3673 quoad

605 3672 838 3743 latinas
884 3675 1213 3765 Liturgias
1256 3674 1595 3772 perfeciss‘e
1662 3675 2095 3750 confidimus:
2167 3675 2246 3748 ad
2289 3679 2569 3757 Graecas
2617 3696 2680 3749 et

604 3790 856 3844 ceteras
904 3774 1283 3846 orientales
1345 3777 1891 3876 progrediamur:
1971 3803 2272 3876 ,quarum
2328 3774 2680 3852 testimonia

604 3898 658 3945 o.
687 3877 893 3946 xvu.
942 3897 1005 3970 p.
1042 3896 1180 3946 πο)
1212 3874 1346 3973 sqq.
1390 3877 1615 3951 edidit.

749 3983 819 4046 In
852 3975 928 4044 iis
959 3986 1181 4044 autem
1221 3979 1590 4077 principem
1621 3981 1842 4051 locum
1897 3980 2205 4052 obtinent
2237 4004 2350 4066 ea,
2414 4005 2576 4078 quae
2617 3982 2674 4051 S.
2729 4027 2738 4031 -
2820 3985 2827 3995 '

500 4088 541 4101 “
608 4072 1055 4178 Chrfflstomo
1088 4072 1434 4167 tribuitur,
1493 4095 1565 4153 et
1593 4084 2001 4171 Clementiae,
2055 4106 2227 4182 quae
2264 4099 2561 4164 vocatur,
2583 4081 2672 4252 stin
2804 4108 2812 4117 ·

1196 4215 1208 4225 ·
2443 4185 2580 4255 Con
2627 4183 2669 4252 i·
