2949 5023
1035 250 1063 289 0

682 412 770 461 nt
830 410 1276 473 mammon:
1340 407 1969 463 consoelrymvmk
2226 399 2371 481 287

280 596 555 651 omnem
585 570 1215 662 religionissensum
1245 576 1593 653 eiuerent,
1647 568 1757 642 sed
1787 584 2182 668 perpetuam
2212 594 2371 666 pec·

280 682 408 750 cati
449 671 1066 773 exprobrationem,
1126 693 1195 746 et
1225 672 1428 747 officii
1470 700 1547 749 ac
1582 675 2031 769 poenitentiae
2073 673 2375 743 admoni-

275 781 532 852 tionem
560 773 922 862 haberent,
980 802 1326 874 perquam
1369 771 1786 867 occasionem
1828 778 1990 869 quin
2034 770 2374 847 interdum

274 882 593 972 homines
621 875 702 948 ad
726 876 1070 949 meliorem
1101 896 1403 949 mentem
1429 880 1725 951 reuocati
1753 873 1909 958 sint,
1939 876 2234 949 ¹dubitari
2261 876 2372 945 ‘vix

272 979 529 1083 potest:
579 980 862 1050 alterum
893 994 1116 1051 autem
1148 983 1458 1051 homines
1487 979 1710 1050 saltem
1743 980 1810 1048 in
1843 981 2184 1075 peccando
2203 976 2371 1051 timi-
2451 1064 2458 1067 ι

275 1082 498 1154 diores
530 1078 876 1165 reddebat,
942 1098 1011 1151 et
1050 1097 1242 1153 metu
1275 1109 1312 1153 a
1353 1083 1638 1180 peccatis
1671 1080 1899 1151 multis
1945 1075 2374 1152 abstrahebat.

206 1190 221 1207 ”
274 1183 416 1257 Sed·
440 1184 679 1254 melior
710 1182 815 1252 illa
842 1180 924 1253 ad
960 1186 1109 1279 pios
1138 1188 1474 1282 pertinens
1507 1182 1870 1279 disciplina,
1926 1185 2030 1254 vel
2059 1182 2135 1253 ad
2165 1182 2371 1252 scien·

273 1290 432 1359 tiam
482 1301 552 1356 et
596 1280 798 1355 fidem
832 1284 1148 1368 refertur,
1202 1286 1310 1356 vel
1354 1283 1435 1355 ad
1465 1287 1765 1355 animum
1806 1286 2086 1381 eiusque
2132 1282 2373 1364 sensus,

270 1393 378 1461 vel
411 1384 491 1458 ad
522 1380 889 1471 aElionem3
950 1390 1472 1483 contineturque
1515 1381 1820 1455 institutis
1861 1403 2016 1483 apte
2043 1385 2386 1473 excogita·-

272 1493 361 1562 tis
396 1489 481 1559 ad
509 1487 843 1557 scientiam
869 1488 1205 1578 religionis
1235 1489 1604 1580 augendam
1637 1501 1704 1556 et
1733 1486 2139 1573 firmandam,
2153 1483 2374 1557 ‘fidem

236 1624 241 1627 ,
273 1589 580 1662 alendam
610 1604 679 1660 et
712 1588 1145 1675 excitandam,
1184 1588 1401 1660 sensus
1430 1590 1636 1660 animi
1665 1586 1747 1658 ad
1778 1611 2080 1661 normam
2117 1605 2373 1659 certam

272 1692 546 1791 pietatis
591 1708 659 1760 et
699 1693 959 1761 virtutis
1002 1688 1358 1782 fingendus
1408 1708 1479 1763 et
1517 1689 1965 1776 roborandos,
2033 1684 2373 1761 astionem

277 1793 574 1889 denique
614 1794 791 1863 vitae
839 1791 1272 1862 adiuuandam
1330 1817 1454 1889 per
1513 1793 2017 1864 exercitationes
2081 1789 2372 1861 idoneas.

270 1894 517 1968 Talem
545 1917 705 1967 vero
734 1891 1137 1990 disciplinam
1179 1888 1363 1964 fuisse
1404 1896 1471 1964 in
1504 1894 1885 1965 cerimoniis
1916 1891 2260 1978 Mosaicis,
2320 1887 2372 1962 fi

270 2023 399 2098 per
425 2019 660 2068 omnes
688 2009 907 2093 partes
935 1992 1157 2071 eundo
1189 1992 1636 2073 demonstrare
1670 1991 2199 2080 institueremus,
2251 1995 2371 2062 ‘vix

271 2098 477 2172 finem
508 2097 811 2168 habitura
837 2093 996 2167 esset
1022 2095 1389 2194 disputatio.
1418 2162 1429 2189 ‚
1532 2102 1763 2193 Itaque
1803 2102 2032 2194 paucis
2077 2093 2372 2193 exempli

261 2196 478 2293 ¹caussa
511 2196 839 2297 ponendis
871 2195 1331 2292 defungemur,
1357 2225 1395 2269 e
1424 2198 1670 2299 quibus
1700 2198 1783 2268 de
1814 2201 2052 2271 ceteris
2078 2196 2374 2279 iudicare

266 2304 460 2379 facile
502 2300 596 2374 sit.
1820 2391 1827 2399 .

414 2420 532 2499 98.
578 2409 803 2500 Atque
854 2418 929 2474 vt
971 2429 1008 2475 a
1063 2417 1256 2501 parte
1286 2430 1363 2476 ea
1391 2404 1664 2477 initium
1704 2403 2033 2485 faciamus,
2087 2427 2256 2496 quae
2285 2399 2369 2472 ad

270 2504 611 2580 scientiam
660 2501 843 2576 verbi
884 2504 1091 2577 diuini
1138 2510 1451 2603 pertinet.
1503 2533 1539 2578 a
1583 2534 1720 2606 quo
1769 2510 1988 2578 omnis
2019 2527 2175 2574 vera
2203 2499 2367 2572 fides

269 2625 341 2680 et
368 2604 668 2680 sanaitas
704 2606 1023 2694 ducitur,
1059 2607 1143 2679 de
1172 2613 1431 2682 sabbati
1470 2605 1768 2681 instituto
1798 2612 2092 2703 primum
2126 2601 2378 2688 videbi·⁸
2463 2663 2472 2670 ,

270 2736 443 2784 mus.
546 2716 618 2781 ln
649 2733 787 2805 quo
820 2732 959 2780 non
1009 2708 1422 2791 docebimus,
1470 2736 1668 2808 quam
1698 2712 1930 2781 vtilem
1960 2706 2368 2803 disciplinam

271 2812 580 2888 babuerit
608 2815 679 2882 in
713 2836 822 2895 eo,
872 2811 1072 2907 quod,
1125 2811 1404 2882 feriandi
1434 2809 1814 2884 neceffitate
1841 2806 2164 2909 imposita,
2211 2832 2366 2906 pae-

267 2941 360 2987 ne
401 2913 696 2985 traheret
741 2915 1053 2984 homines
1093 2912 1173 2983 ad
1218 2902 1388 2983 sacra
1431 2909 1608 2986 statis
1641 2915 1823 2985 horis
1871 2909 2204 2992 obeunda,
2251 2922 2368 2982 aut

268 3015 453 3114 quod
482 3015 850 3087 imitatione
866 3018 990 3085 Dei
1019 3039 1228 3112 opera
1253 3015 1707 3088 suaintuentis
1735 3011 1881 3114 post
1908 3017 2154 3087 sextum
2185 3011 2370 3085 diem

270 3134 344 3189 et
382 3113 749 3214 probantiS,
797 3134 1071 3188 vocaret
1108 3111 1420 3188 Romines
1467 3116 1548 3190 ad
1586 3115 1725 3189 asta
1769 3116 2189 3215 superiorum
2215 3114 2369 3211 ,die-

266 3245 421 3292 rum
465 3216 835 3304 recolenda,
887 3236 958 3289 et
1003 3222 1579 3291 eorumrationes
1612 3247 1646 3291 a
1690 3223 1756 3294 se
1783 3217 2239 3316 reposcendas,
2293 3228 2368 3284 vt

263 3320 511 3393 fierent
540 3315 686 3417 post
720 3323 1068 3405 cautioreS,
1098 3317 1144 3390 fi
1174 3317 1549 3392 aberratum
1576 3347 1610 3391 a
1638 3322 1787 3412 lege
1819 3321 2148 3391 viderent:
2178 3316 2367 3406 (Phi-

269 3426 330 3494 lo
370 3430 442 3496 de
486 3425 709 3495 Decet.
744 3449 816 3516 p.
847 3424 1051 3515 758.)
1098 3419 1209 3493 sed
1246 3422 1487 3507 modo,
1549 3439 1875 3519 quantum
1912 3419 2242 3517 profuerit
2269 3411 2370 3508 *ad

269 3523 545 3597 verbum
574 3527 704 3595 Dei
734 3521 1274 3616 cognoscendum
1304 3539 1503 3620 atque
1529 3521 2011 3594 imbibendum.
2093 3518 2368 3594 Etenim

269 3625 457 3720 quod
488 3627 800 3699 omnibus
814 3622 1105 3697 Sabbatis
1139 3629 1227 3696 ita
1241 3623 1632 3697 audiebatur
1658 3619 2017 3695 necessario
2043 3646 2198 3719 pars
2227 3644 2371 3698 ver·

271 3723 341 3797 bi
392 3723 612 3811 diuini,
658 3742 729 3799 vt
773 3742 957 3800 certo
1002 3725 1445 3799 sabbatorum
1489 3751 1797 3808 numero,
1856 3724 2020 3795 olim
2063 3727 2166 3797 lex
2199 3739 2371 3807 tota,

268 3823 424 3927 post
453 3822 600 3896 libri
644 3830 839 3899 etiam
867 3830 1355 3924 Prophetarum
1395 3853 1633 3899 omnes
1669 3826 2191 3912 absumerentur,
2243 3822 2369 3895 ho-

270 3930 494 4002 mines
526 3925 757 4012 adulti,
800 3929 1034 3999 iisdem
1079 3931 1269 4027 saepe
1298 3929 1660 4013 audiendis,
1712 3933 1798 4000 ita
1837 3947 2152 4028 percepta
2178 3931 2369 3999 'tene-

271 4029 436 4104 bant
480 4032 727 4111 onmia,
777 4045 848 4099 vt
890 4030 1060 4101 nihil
1111 4057 1229 4104 eos
1270 4032 1553 4125 sugeret
1658 4035 1862 4102 Cuius
1903 4034 1999 4101 rei
2025 4028 2371 4102 austorem

269 4158 347 4206 ac
373 4127 607 4205 testem
638 4127 958 4204 habemus
970 4134 1329 4230 lofi’plzum,
1347 4145 1541 4208 cuius
1572 4138 1880 4228 egregius
1905 4129 2000 4206 est
2024 4149 2093 4204 et
2123 4131 2367 4306 dilgtgps

2033 4249 2038 4254 ’
2212 4260 2248 4306 e
2320 4260 2366 4308 u
