2949 5023
1118 343 1590 432 ''tunm-c}
1739 347 1760 357 ’
1915 395 1918 400 ·
2253 367 2404 444 395

268 527 483 609 tate,
528 519 909 596 condonare
955 522 1342 598 hominibus
1385 548 1642 625 poenas
1687 540 2154 622 peccatorum,
2211 543 2284 602 et
2309 530 2403 603 fe·

302 628 655 712 licitatem,
707 627 789 697 iis
842 620 1226 698 destinatam
1274 627 1341 700 in
1396 625 1537 725 ipso
1590 627 1854 700 creandi
1905 630 2213 717 consilio,
2278 656 2400 704 vo·

301 724 594 799 lentibus
647 741 719 798 et
773 726 1274 836 accipientibus.
1304 753 1429 825 per
1473 724 1709 815 fidem,
1783 731 2123 828 impertire
2164 729 2397 831 posset.
2437 791 2440 798 .

295 826 453 901 Post
503 827 640 899 hoc
680 842 948 902 tantum
991 837 1204 927 opus,
1264 844 1403 902 tam
1453 829 1727 902 salutare
1771 829 2191 921 hominibus,
2255 850 2397 909 tam

295 943 568 1026 gratum
631 927 922 1001 bonitati
984 929 1340 1003 immensae
1390 934 1628 1019 Patria,
1694 947 1830 1002 tam
1878 932 2125 1007 illustre
2172 934 2254 1006 ad
2294 938 2395 1007 iu·

288 1028 542 1104 stitiam
586 1047 656 1103 et
705 1031 1078 1128 sapientiam
1129 1049 1198 1106 et
1236 1031 1608 1106 vniuersam
1656 1030 2054 1108 maiestatem
2076 1033 2391 1110 diuinam

292 1131 830 1224 intelligendam,
881 1149 1198 1222 amorte,
1248 1137 1320 1206 in
1369 1159 1498 1233 qua
1544 1131 1865 1234 perfestio
1912 1152 1982 1208 et
2032 1134 2183 1210 finis
2229 1164 2391 1236 oper

212 1237 219 1246 '
292 1236 391 1306 ris
443 1233 617 1305 illius
664 1233 822 1320 fuit,
868 1251 1218 1308 reuocatus
1267 1240 1349 1320 in,
1384 1238 1622 1322 vitam,
1671 1234 2093 1334 sublatusque
2140 1242 2206 1310 in
2240 1264 2394 1310 coe·

292 1336 403 1408 los
436 1388 456 1421 ,
559 1349 748 1418 totus
821 1335 1006 1408 'venit
1084 1337 1154 1408 in
1225 1338 1642 1410 consortium
1713 1334 2057 1410 maiestatis
2126 1337 2391 1414 diuinae

292 1434 620 1510 fruendae
657 1452 728 1509 et
773 1435 1208 1536 vsurpandae,
1272 1440 1607 1511 Dominus
1654 1433 1867 1507 fassus
1912 1441 2253 1529 omnium,
2326 1457 2397 1516 et

299 1536 751 1610 conseruanda
808 1537 1261 1632 benignissima
1316 1539 1428 1612 sua
1457 1554 1544 1639 ,et
1594 1533 2024 1612 efficac’nffima
2067 1567 2223 1635 erga
2266 1567 2396 1616 nos

299 1663 576 1725 omnes,
632 1639 1356 1739 inprimisquefideles,
1418 1666 1575 1733 erga
1613 1639 1956 1737 peculium
1995 1640 2221 1730 suum,
2277 1670 2394 1718 vo·

295 1741 589 1824 luntate,
650 1766 823 1840 quae
850 1741 1345 1841 deprecationis
1376 1737 1575 1815 instar
1600 1736 1694 1813 est
1718 1740 1898 1840 apud
1924 1746 2219 1831 Patrem,
2284 1744 2394 1819 ad-

293 1843 483 1916 iuuat
507 1867 661 1929 nos,
701 1859 963 1936 tuetur,
997 1842 1359 1938 defendit,
1408 1860 1481 1924 vt
1506 1842 1780 1926 salutem
1805 1842 1886 1917 ab
1912 1844 1977 1915 se
2003 1861 2263 1943 partam
2295 1863 2394 1920 te-
2523 1883 2524 1890 ¹

290 1969 461 2022 nere
495 1942 840 2044 possimus.

396 2191 429 2240 ·.
500 2150 728 2221 Huius
772 2154 939 2223 tanti
992 2153 1217 2248 operis
1275 2174 1513 2249 puram
1568 2163 1638 2222 et
1692 2147 1999 2224 assiduam
2051 2151 2397 2244 cogitatio·

292 2274 453 2325 nem
502 2275 657 2323 cum
701 2256 890 2324 omni
939 2267 1248 2352 tempore
1289 2277 1602 2324 exercere
1656 2251 2047 2338 debeamus,
2149 2271 2224 2325 vt
2273 2279 2395 2352 per

295 2377 443 2425 eam
486 2352 807 2451 explicare
853 2356 1001 2428 vim*
1038 2355 1215 2428 suam
1259 2356 1534 2454 Spiritus
1575 2351 1856 2425 *Sanstus
1904 2351 2105 2451 poffit
2147 2358 2216 2425 in
2260 2357 2394 2425 ani·
2500 2417 2506 2422 .

293 2458 424 2528 mis
467 2452 702 2528 nostris
767 2453 849 2526 ad
909 2451 1112 2529 fidem
1162 2457 1267 2528 vel
1329 2453 1842 2550 ingenerandam
1896 2455 2003 2527 vel
2071 2453 2393 2528 corrobo-

291 2553 611 2639 randam,
684 2555 1165 2657 sentiamusque
1219 2574 1369 2630 toto
1424 2561 1650 2631 animo
1697 2555 2087 2645 immensam
2126 2556 2392 2629 diuinae

292 2657 753 2750 benignitatis,
826 2655 1102 2732 iustitiae
1152 2675 1222 2731 et
1267 2659 1622 2757 sapientiae
1676 2658 2248 2752 magnitudinem,
2324 2672 2397 2730 et

292 2786 593 2834 amorem
642 2761 977 2833 summum
1026 2786 1183 2854 erga
1233 2786 1358 2834 nos
1410 2760 1551 2832 Iesu
1583 2758 1822 2833 Christi
1862 2763 2233 2833 seruatoris
2269 2784 2396 2835 no·

291 2859 441 2949 stri3
504 2880 649 2935 tum
682 2866 964 2935 maxime
1008 2864 1111 2937 his
1140 2860 1410 2945 diebus,
1451 2864 1568 2959 qui
1595 2863 1886 2959 {proprie
1931 2866 2074 2934 eius
2126 2865 2224 2934 rei
2252 2885 2394 2934 me·
2432 2886 2437 2899 ·

290 2966 543 3038 ,moriae
592 2965 991 3062 vsurpandae
1038 2983 1107 3038 et
1158 2959 1564 3036 exercendae
1617 2959 1916 3035 destinati
1959 2964 2148 3051 sunt,
2193 2978 2267 3037 vt
2292 2967 2393 3036 in·

162 3156 174 3163 ¹
293 3060 621 3138 cendatur
658 3067 1003 3165 alaturque
1050 3091 1238 3139 amor
1275 3061 1500 3139 noster
1550 3088 1708 3159 erga
1761 3068 1989 3138 Deum
2031 3070 2291 3140 Patrem
2320 3080 2395 3139 et

289 3166 505 3242 filium
533 3170 673 3241 eius
702 3168 912 3242 Iesum
947 3165 1309 3256 Christum,
1369 3169 1746 3264 amorisque
1779 3167 1978 3240 huius
2006 3168 2395 3240 incitamen-

289 3276 379 3345 tis
423 3267 780 3346 efficaciter
844 3274 1047 3356 moti,
1124 3286 1276 3343 toto
1321 3271 1548 3343 animo
1594 3265 1969 3341 studeamus
2015 3273 2085 3341 in
2140 3273 2390 3354 Deum,

291 3377 460 3448 tanti
507 3374 671 3447 boni
718 3367 1086 3458 auflorem,
1137 3375 1303 3465 grati
1334 3367 1497 3458 esse,
1538 3386 1610 3441 et
1647 3367 1783 3441 filio
1827 3373 2001 3453 eius,
2047 3371 2392 3441 Seruatori

292 3472 561 3565 nostro,
625 3472 866 3547 similes
916 3471 1057 3545 fieri
1104 3498 1328 3547 amore
1374 3475 1615 3546 Patris,
1680 3467 2025 3542 sanstitate
2069 3468 2397 3561 vniuersa,·

297 3573 712 3671 obedientia,
759 3591 830 3649 et
871 3578 1184 3673 patientia
1224 3577 1293 3647 in
1337 3572 1535 3644 rebus
1564 3568 1871 3644 aduersis.
1976 3572 2392 3662 Cogitemus,

294 3674 460 3771 quid
500 3680 686 3749 Deus
736 3694 925 3776 pater
971 3674 1347 3774 promiserit
1395 3671 1573 3758 filio,
1672 3672 1972 3747 Domino
2038 3669 2264 3745 nostro
2311 3697 2392 3745 ac

179 3822 188 3840 -
296 3779 666 3858 seruatori,
737 3779 885 3875 post
924 3780 1289 3851 exantlatos
1330 3799 1457 3875 pro
1506 3771 1704 3845 nobis
1746 3769 2008 3845 labores
2060 3776 2129 3846 in
2182 3777 2391 3848 vitam

294 3895 660 3955 reuocato:
736 3883 815 3950 In
856 3882 951 3951 die
996 3882 1334 3979 maiestatis
1378 3892 1528 3951 tuae
1567 3878 1873 3971 populum
1922 3890 2098 3949 tuum
2146 3878 2391 3948 habebis

283 3980 762 4081 promtuffimum
830 3994 896 4055 et
960 3981 1293 4074 fiinffltate
1356 3979 1818 4077 ornatvffimum.
1917 3978 2037 4079 PJ:
2089 3977 2390 4149 Οἱὲωἷ.

466 4117 493 4149 0
2366 4129 2389 4168 ι
