<?xml version="1.0" encoding="UTF-8"?>
<!DOCTYPE html PUBLIC "-//W3C//DTD XHTML 1.0 Transitional//EN"
    "http://www.w3.org/TR/xhtml1/DTD/xhtml1-transitional.dtd">
<html xmlns="http://www.w3.org/1999/xhtml" xml:lang="en" lang="en">
 <head>
  <title>
</title>
<meta http-equiv="Content-Type" content="text/html;charset=utf-8" />
  <meta name='ocr-system' content='tesseract 3.04.00' />
  <meta name='ocr-capabilities' content='ocr_page ocr_carea ocr_par ocr_line ocrx_word'/>
</head>
<body>
  <div class='ocr_page' id='page_1' title='image "./ioaugernestiopu00ernegoog_0298.png"; bbox 0 0 2949 5023; ppageno 0'>
   <div class='ocr_carea' id='block_1_1' title="bbox 567 383 2218 470">
    <p class='ocr_par' dir='ltr' id='par_1_1' title="bbox 567 383 2218 470">
     <span class='ocr_line' id='line_1_1' title="bbox 567 383 2218 470; baseline -0.007 -19"><span class='ocrx_word' id='word_1_1' title='bbox 567 388 708 462; x_wconf 86' lang='lat'>282</span> <span class='ocrx_word' id='word_1_2' title='bbox 1018 383 1461 470; x_wconf 40' lang='lat' dir='ltr'>Vmorem?</span> <span class='ocrx_word' id='word_1_3' title='bbox 1511 392 1898 441; x_wconf 71' lang='lat' dir='ltr'>Annrrnn</span> <span class='ocrx_word' id='word_1_4' title='bbox 1949 394 2218 444; x_wconf 71' lang='lat' dir='ltr'>nrvxm</span> 
     </span>
    </p>
   </div>
   <div class='ocr_carea' id='block_1_2' title="bbox 558 551 2666 1158">
    <p class='ocr_par' dir='ltr' id='par_1_2' title="bbox 558 551 2666 1158">
     <span class='ocr_line' id='line_1_2' title="bbox 561 551 2659 661; baseline -0.005 -30"><span class='ocrx_word' id='word_1_5' title='bbox 561 574 754 661; x_wconf 82' lang='lat' dir='ltr'>perat</span> <span class='ocrx_word' id='word_1_6' title='bbox 782 580 956 642; x_wconf 81' lang='lat' dir='ltr'>rem,</span> <span class='ocrx_word' id='word_1_7' title='bbox 999 577 1073 633; x_wconf 82' lang='lat' dir='ltr'>vt</span> <span class='ocrx_word' id='word_1_8' title='bbox 1106 584 1241 632; x_wconf 91' lang='lat' dir='ltr'>non</span> <span class='ocrx_word' id='word_1_9' title='bbox 1275 552 1634 639; x_wconf 78' lang='lat' dir='ltr'><strong>intercedat</strong></span> <span class='ocrx_word' id='word_1_10' title='bbox 1658 556 1754 625; x_wconf 81' lang='lat' dir='ltr'>vis</span> <span class='ocrx_word' id='word_1_11' title='bbox 1787 551 2073 639; x_wconf 84' lang='lat' dir='ltr'>infinita,</span> <span class='ocrx_word' id='word_1_12' title='bbox 2129 576 2300 651; x_wconf 85' lang='lat' dir='ltr'>quae</span> <span class='ocrx_word' id='word_1_13' title='bbox 2340 552 2531 624; x_wconf 84' lang='lat' dir='ltr'>tollat</span> <span class='ocrx_word' id='word_1_14' title='bbox 2557 576 2659 625; x_wconf 88' lang='lat' dir='ltr'>re-</span> 
     </span>
     <span class='ocr_line' id='line_1_3' title="bbox 559 653 2664 753; baseline -0.005 -17"><span class='ocrx_word' id='word_1_15' title='bbox 559 687 713 736; x_wconf 84' lang='lat' dir='ltr'>rum</span> <span class='ocrx_word' id='word_1_16' title='bbox 743 678 1045 734; x_wconf 81' lang='lat' dir='ltr'>naturam</span> <span class='ocrx_word' id='word_1_17' title='bbox 1073 675 1142 735; x_wconf 86' lang='lat' dir='ltr'>et</span> <span class='ocrx_word' id='word_1_18' title='bbox 1171 660 1396 730; x_wconf 83' lang='lat' dir='ltr'>seriem</span> <span class='ocrx_word' id='word_1_19' title='bbox 1430 658 1509 728; x_wconf 87' lang='lat' dir='ltr'>ab</span> <span class='ocrx_word' id='word_1_20' title='bbox 1543 657 1685 753; x_wconf 90' lang='lat' dir='ltr'>ipso</span> <span class='ocrx_word' id='word_1_21' title='bbox 1716 653 2108 737; x_wconf 80' lang='lat' dir='ltr'>institutam,</span> <span class='ocrx_word' id='word_1_22' title='bbox 2131 666 2274 725; x_wconf 85' lang='lat' dir='ltr'>&#39;nee</span> <span class='ocrx_word' id='word_1_23' title='bbox 2301 668 2528 726; x_wconf 87' lang='lat' dir='ltr'>tamen</span> <span class='ocrx_word' id='word_1_24' title='bbox 2561 658 2664 725; x_wconf 90' lang='lat' dir='ltr'>in-</span> 
     </span>
     <span class='ocr_line' id='line_1_4' title="bbox 558 756 2666 857; baseline -0.007 -21"><span class='ocrx_word' id='word_1_25' title='bbox 558 761 787 838; x_wconf 75' lang='lat' dir='ltr'>stituta</span> <span class='ocrx_word' id='word_1_26' title='bbox 822 769 959 836; x_wconf 88' lang='lat' dir='ltr'>eius</span> <span class='ocrx_word' id='word_1_27' title='bbox 996 765 1079 833; x_wconf 80' lang='lat' dir='ltr'>ita</span> <span class='ocrx_word' id='word_1_28' title='bbox 1120 760 1252 857; x_wconf 88' lang='lat' dir='ltr'>ipsa</span> <span class='ocrx_word' id='word_1_29' title='bbox 1283 758 1509 830; x_wconf 89' lang='lat' dir='ltr'>indole</span> <span class='ocrx_word' id='word_1_30' title='bbox 1538 759 1676 846; x_wconf 85' lang='lat' dir='ltr'>sua,</span> <span class='ocrx_word' id='word_1_31' title='bbox 1739 756 2156 854; x_wconf 75' lang='lat' dir='ltr'>temporibus</span> <span class='ocrx_word' id='word_1_32' title='bbox 2189 770 2263 825; x_wconf 75' lang='lat' dir='ltr'>ac</span> <span class='ocrx_word' id='word_1_33' title='bbox 2292 756 2487 843; x_wconf 75' lang='lat' dir='ltr'>lociS‚</span> <span class='ocrx_word' id='word_1_34' title='bbox 2544 783 2666 853; x_wconf 84' lang='lat' dir='ltr'>pu-</span> 
     </span>
     <span class='ocr_line' id='line_1_5' title="bbox 561 855 2665 960; baseline -0.002 -24"><span class='ocrx_word' id='word_1_35' title='bbox 561 885 772 960; x_wconf 86' lang='lat' dir='ltr'>gnent</span> <span class='ocrx_word' id='word_1_36' title='bbox 801 890 957 938; x_wconf 84' lang='lat' dir='ltr'>cum</span> <span class='ocrx_word' id='word_1_37' title='bbox 986 880 1214 934; x_wconf 83' lang='lat' dir='ltr'>natura</span> <span class='ocrx_word' id='word_1_38' title='bbox 1241 883 1466 932; x_wconf 80' lang='lat' dir='ltr'>rerum</span> <span class='ocrx_word' id='word_1_39' title='bbox 1489 916 1504 946; x_wconf 96' lang='lat'>,</span> <span class='ocrx_word' id='word_1_40' title='bbox 1568 877 1637 930; x_wconf 88' lang='lat' dir='ltr'>vt</span> <span class='ocrx_word' id='word_1_41' title='bbox 1665 859 1748 931; x_wconf 86' lang='lat' dir='ltr'>ab</span> <span class='ocrx_word' id='word_1_42' title='bbox 1772 885 1846 931; x_wconf 87' lang='lat' dir='ltr'>ea</span> <span class='ocrx_word' id='word_1_43' title='bbox 1877 856 2122 953; x_wconf 71' lang='lat' dir='ltr'>possint</span> <span class='ocrx_word' id='word_1_44' title='bbox 2151 855 2488 953; x_wconf 86' lang='lat' dir='ltr'>impediri,</span> <span class='ocrx_word' id='word_1_45' title='bbox 2549 860 2665 931; x_wconf 87' lang='lat' dir='ltr'>sed</span> 
     </span>
     <span class='ocr_line' id='line_1_6' title="bbox 561 958 2662 1056; baseline -0.004 -15"><span class='ocrx_word' id='word_1_46' title='bbox 561 968 855 1041; x_wconf 80' lang='lat' dir='ltr'>habeant</span> <span class='ocrx_word' id='word_1_47' title='bbox 902 959 1254 1037; x_wconf 78' lang='lat' dir='ltr'>successum</span> <span class='ocrx_word' id='word_1_48' title='bbox 1301 963 1678 1034; x_wconf 75' lang='lat' dir='ltr'>faciliorem.</span> <span class='ocrx_word' id='word_1_49' title='bbox 1825 968 2051 1056; x_wconf 81' lang='lat' dir='ltr'>Atque</span> <span class='ocrx_word' id='word_1_50' title='bbox 2089 962 2285 1029; x_wconf 78' lang='lat' dir='ltr'>huius</span> <span class='ocrx_word' id='word_1_51' title='bbox 2329 961 2424 1029; x_wconf 87' lang='lat' dir='ltr'>rei</span> <span class='ocrx_word' id='word_1_52' title='bbox 2455 958 2662 1032; x_wconf 85' lang='lat' dir='ltr'>docu-</span> 
     </span>
     <span class='ocr_line' id='line_1_7' title="bbox 558 1059 2661 1158; baseline -0.004 -17"><span class='ocrx_word' id='word_1_53' title='bbox 558 1087 864 1141; x_wconf 81' lang='lat' dir='ltr'>mentum</span> <span class='ocrx_word' id='word_1_54' title='bbox 896 1065 1155 1138; x_wconf 84' lang='lat' dir='ltr'>videtur</span> <span class='ocrx_word' id='word_1_55' title='bbox 1178 1060 1306 1132; x_wconf 87' lang='lat' dir='ltr'>esse</span> <span class='ocrx_word' id='word_1_56' title='bbox 1343 1070 1407 1133; x_wconf 85' lang='lat' dir='ltr'>in</span> <span class='ocrx_word' id='word_1_57' title='bbox 1439 1088 1523 1133; x_wconf 90' lang='lat' dir='ltr'>eo</span> <span class='ocrx_word' id='word_1_58' title='bbox 1555 1063 1710 1152; x_wconf 86' lang='lat' dir='ltr'>ipso,</span> <span class='ocrx_word' id='word_1_59' title='bbox 1735 1059 1819 1131; x_wconf 92' lang='lat' dir='ltr'>de</span> <span class='ocrx_word' id='word_1_60' title='bbox 1849 1086 1987 1158; x_wconf 89' lang='lat' dir='ltr'>quo</span> <span class='ocrx_word' id='word_1_61' title='bbox 2014 1063 2415 1158; x_wconf 83' lang='lat' dir='ltr'>quaerimus.</span> <span class='ocrx_word' id='word_1_62' title='bbox 2481 1066 2661 1133; x_wconf 84' lang='lat' dir='ltr'>Cum</span> 
     </span>
    </p>
   </div>
   <div class='ocr_carea' id='block_1_3' title="bbox 560 1159 2796 1267">
    <p class='ocr_par' dir='ltr' id='par_1_3' title="bbox 560 1159 2796 1267">
     <span class='ocr_line' id='line_1_8' title="bbox 560 1159 2796 1267; baseline -0.004 -25"><span class='ocrx_word' id='word_1_63' title='bbox 560 1174 650 1242; x_wconf 84' lang='lat' dir='ltr'>ita</span> <span class='ocrx_word' id='word_1_64' title='bbox 678 1166 1081 1267; x_wconf 67' lang='lat' dir='ltr'>praedistum</span> <span class='ocrx_word' id='word_1_65' title='bbox 1112 1162 1269 1236; x_wconf 85' lang='lat' dir='ltr'>ess‘et</span> <span class='ocrx_word' id='word_1_66' title='bbox 1299 1192 1332 1235; x_wconf 88' lang='lat' dir='ltr'>a</span> <span class='ocrx_word' id='word_1_67' title='bbox 1368 1162 1719 1262; x_wconf 79' lang='lat' dir='ltr'>Prophetis</span> <span class='ocrx_word' id='word_1_68' title='bbox 1750 1159 2055 1234; x_wconf 67' lang='lat' dir='ltr'>instinstu</span> <span class='ocrx_word' id='word_1_69' title='bbox 2083 1162 2338 1245; x_wconf 86' lang='lat' dir='ltr'>diuino,</span> <span class='ocrx_word' id='word_1_70' title='bbox 2387 1160 2663 1255; x_wconf 82' lang='lat' dir='ltr'>Meffiae</span> <span class='ocrx_word' id='word_1_71' title='bbox 2784 1163 2796 1173; x_wconf 75' lang='grc'><strong>“</strong></span> 
     </span>
    </p>
   </div>
   <div class='ocr_carea' id='block_1_4' title="bbox 450 1262 2714 3093">
    <p class='ocr_par' dir='ltr' id='par_1_4' title="bbox 450 1262 2714 2876">
     <span class='ocr_line' id='line_1_9' title="bbox 558 1262 2662 1362; baseline -0.004 -18"><span class='ocrx_word' id='word_1_72' title='bbox 558 1294 849 1362; x_wconf 84' lang='lat' dir='ltr'>regnum</span> <span class='ocrx_word' id='word_1_73' title='bbox 896 1262 1077 1338; x_wconf 48' lang='lat' dir='ltr'>fines*</span> <span class='ocrx_word' id='word_1_74' title='bbox 1122 1264 1507 1337; x_wconf 83' lang='lat' dir='ltr'>habiturum</span> <span class='ocrx_word' id='word_1_75' title='bbox 1569 1263 1839 1335; x_wconf 82' lang='lat' dir='ltr'>eosdem</span> <span class='ocrx_word' id='word_1_76' title='bbox 1898 1275 2051 1335; x_wconf 80' lang='lat' dir='ltr'>cum</span> <span class='ocrx_word' id='word_1_77' title='bbox 2100 1262 2266 1335; x_wconf 88' lang='lat' dir='ltr'>orbe</span> <span class='ocrx_word' id='word_1_78' title='bbox 2309 1276 2662 1355; x_wconf 87' lang='lat' dir='ltr'>terrarum,</span> 
     </span>
     <span class='ocr_line' id='line_1_10' title="bbox 469 1362 2714 1467; baseline -0.002 -26"><span class='ocrx_word' id='word_1_79' title='bbox 469 1430 493 1453; x_wconf 32' lang='grc' dir='ltr'>χ</span> <span class='ocrx_word' id='word_1_80' title='bbox 561 1375 835 1467; x_wconf 84' lang='lat' dir='ltr'>eiusque</span> <span class='ocrx_word' id='word_1_81' title='bbox 884 1364 1289 1439; x_wconf 81' lang='lat' dir='ltr'>salutiferam</span> <span class='ocrx_word' id='word_1_82' title='bbox 1336 1362 1708 1437; x_wconf 67' lang='lat' dir='ltr'>desti-inam</span> <span class='ocrx_word' id='word_1_83' title='bbox 1756 1366 1831 1437; x_wconf 88' lang='lat' dir='ltr'>ad</span> <span class='ocrx_word' id='word_1_84' title='bbox 1868 1390 2103 1436; x_wconf 88' lang='lat' dir='ltr'>omnes</span> <span class='ocrx_word' id='word_1_85' title='bbox 2151 1382 2386 1457; x_wconf 83' lang='lat' dir='ltr'>gentes</span> <span class='ocrx_word' id='word_1_86' title='bbox 2429 1382 2662 1438; x_wconf 86' lang='lat' dir='ltr'>ventu·</span> <span class='ocrx_word' id='word_1_87' title='bbox 2705 1460 2714 1465; x_wconf 18' lang='grc' dir='ltr'><strong><em>Ω</em></strong></span> 
     </span>
     <span class='ocr_line' id='line_1_11' title="bbox 557 1464 2659 1563; baseline -0.002 -20"><span class='ocrx_word' id='word_1_88' title='bbox 557 1496 737 1551; x_wconf 84' lang='lat' dir='ltr'>ram,</span> <span class='ocrx_word' id='word_1_89' title='bbox 797 1485 865 1539; x_wconf 81' lang='lat' dir='ltr'>vt</span> <span class='ocrx_word' id='word_1_90' title='bbox 894 1494 1062 1562; x_wconf 85' lang='lat' dir='ltr'>quae</span> <span class='ocrx_word' id='word_1_91' title='bbox 1100 1468 1181 1563; x_wconf 82' lang='lat' dir='ltr'>ad</span> <span class='ocrx_word' id='word_1_92' title='bbox 1227 1470 1494 1540; x_wconf 89' lang='lat' dir='ltr'>salutem</span> <span class='ocrx_word' id='word_1_93' title='bbox 1526 1472 1836 1540; x_wconf 89' lang='lat' dir='ltr'>omnium</span> <span class='ocrx_word' id='word_1_94' title='bbox 1882 1464 2018 1538; x_wconf 87' lang='lat' dir='ltr'>sine</span> <span class='ocrx_word' id='word_1_95' title='bbox 2048 1466 2416 1537; x_wconf 77' lang='lat' dir='ltr'>discrimine</span> <span class='ocrx_word' id='word_1_96' title='bbox 2446 1469 2659 1539; x_wconf 84' lang='lat' dir='ltr'>homi·</span> 
     </span>
     <span class='ocr_line' id='line_1_12' title="bbox 484 1560 2661 1669; baseline -0.002 -26"><span class='ocrx_word' id='word_1_97' title='bbox 484 1560 489 1571; x_wconf 43' lang='lat'><em>⁶</em></span> <span class='ocrx_word' id='word_1_98' title='bbox 557 1597 724 1643; x_wconf 85' lang='lat' dir='ltr'>num</span> <span class='ocrx_word' id='word_1_99' title='bbox 757 1574 1162 1669; x_wconf 57' lang='lat' dir='ltr'>pertinerem</span> <span class='ocrx_word' id='word_1_100' title='bbox 1219 1571 1532 1667; x_wconf 81' lang='lat' dir='ltr'>sapientia</span> <span class='ocrx_word' id='word_1_101' title='bbox 1572 1569 1798 1640; x_wconf 84' lang='lat' dir='ltr'>diuina</span> <span class='ocrx_word' id='word_1_102' title='bbox 1839 1594 1980 1639; x_wconf 87' lang='lat' dir='ltr'>rem</span> <span class='ocrx_word' id='word_1_103' title='bbox 2025 1573 2114 1640; x_wconf 78' lang='lat' dir='ltr'>ita</span> <span class='ocrx_word' id='word_1_104' title='bbox 2158 1568 2501 1640; x_wconf 83' lang='lat' dir='ltr'>moderata</span> <span class='ocrx_word' id='word_1_105' title='bbox 2551 1565 2661 1657; x_wconf 83' lang='lat' dir='ltr'>est,</span> 
     </span>
     <span class='ocr_line' id='line_1_13' title="bbox 557 1668 2659 1769; baseline 0 -25"><span class='ocrx_word' id='word_1_106' title='bbox 557 1690 634 1745; x_wconf 82' lang='lat' dir='ltr'>vt</span> <span class='ocrx_word' id='word_1_107' title='bbox 666 1698 740 1742; x_wconf 89' lang='lat' dir='ltr'>ea</span> <span class='ocrx_word' id='word_1_108' title='bbox 770 1677 1166 1769; x_wconf 78' lang='lat' dir='ltr'>propagatio</span> <span class='ocrx_word' id='word_1_109' title='bbox 1199 1668 1544 1743; x_wconf 67' lang='lat' dir='ltr'>destrinae</span> <span class='ocrx_word' id='word_1_110' title='bbox 1561 1668 1793 1742; x_wconf 87' lang='lat' dir='ltr'>Christi</span> <span class='ocrx_word' id='word_1_111' title='bbox 1823 1697 2017 1768; x_wconf 89' lang='lat' dir='ltr'>quam</span> <span class='ocrx_word' id='word_1_112' title='bbox 2053 1676 2336 1741; x_wconf 78' lang='lat' dir='ltr'>maxime</span> <span class='ocrx_word' id='word_1_113' title='bbox 2366 1694 2519 1743; x_wconf 84' lang='lat' dir='ltr'>cum</span> <span class='ocrx_word' id='word_1_114' title='bbox 2548 1697 2659 1744; x_wconf 84' lang='lat' dir='ltr'>na-</span> 
     </span>
     <span class='ocr_line' id='line_1_14' title="bbox 502 1760 2661 1873; baseline -0 -26"><span class='ocrx_word' id='word_1_115' title='bbox 502 1806 509 1811; x_wconf 87' lang='lat'><strong>·</strong></span> <span class='ocrx_word' id='word_1_116' title='bbox 557 1794 706 1847; x_wconf 81' lang='lat' dir='ltr'>tura</span> <span class='ocrx_word' id='word_1_117' title='bbox 737 1798 959 1846; x_wconf 85' lang='lat' dir='ltr'>rerum</span> <span class='ocrx_word' id='word_1_118' title='bbox 990 1777 1425 1873; x_wconf 81' lang='lat' dir='ltr'>humanarum</span> <span class='ocrx_word' id='word_1_119' title='bbox 1449 1828 1466 1858; x_wconf 95' lang='lat'>,</span> <span class='ocrx_word' id='word_1_120' title='bbox 1510 1772 1574 1855; x_wconf 79' lang='lat' dir='ltr'>h.</span> <span class='ocrx_word' id='word_1_121' title='bbox 1606 1798 1661 1842; x_wconf 87' lang='lat' dir='ltr'>e.</span> <span class='ocrx_word' id='word_1_122' title='bbox 1696 1775 1979 1863; x_wconf 82' lang='lat' dir='ltr'>ingeniis</span> <span class='ocrx_word' id='word_1_123' title='bbox 2010 1760 2349 1856; x_wconf 66' lang='lat' dir='ltr'>humanis,</span> <span class='ocrx_word' id='word_1_124' title='bbox 2393 1782 2661 1871; x_wconf 61' lang='lat' dir='ltr'>tempo*-</span> 
     </span>
     <span class='ocr_line' id='line_1_15' title="bbox 555 1867 2655 1977; baseline -0.002 -27"><span class='ocrx_word' id='word_1_125' title='bbox 555 1876 738 1951; x_wconf 81' lang='lat' dir='ltr'>ribus</span> <span class='ocrx_word' id='word_1_126' title='bbox 768 1901 841 1947; x_wconf 83' lang='lat' dir='ltr'>ae</span> <span class='ocrx_word' id='word_1_127' title='bbox 871 1877 1033 1948; x_wconf 89' lang='lat' dir='ltr'>locis</span> <span class='ocrx_word' id='word_1_128' title='bbox 1064 1875 1490 1961; x_wconf 81' lang='lat' dir='ltr'>consentiret.</span> <span class='ocrx_word' id='word_1_129' title='bbox 1538 1872 1615 1945; x_wconf 84' lang='lat' dir='ltr'>Id</span> <span class='ocrx_word' id='word_1_130' title='bbox 1650 1867 1825 1944; x_wconf 77' lang='lat' dir='ltr'>effici</span> <span class='ocrx_word' id='word_1_131' title='bbox 1855 1872 2107 1946; x_wconf 83' lang='lat' dir='ltr'>duabus</span> <span class='ocrx_word' id='word_1_132' title='bbox 2141 1874 2338 1946; x_wconf 85' lang='lat' dir='ltr'>rebus</span> <span class='ocrx_word' id='word_1_133' title='bbox 2360 1892 2655 1977; x_wconf 84' lang='lat' dir='ltr'>poterat:</span> 
     </span>
     <span class='ocr_line' id='line_1_16' title="bbox 556 1974 2661 2078; baseline 0 -30"><span class='ocrx_word' id='word_1_134' title='bbox 556 1983 873 2078; x_wconf 81' lang='lat' dir='ltr'>primum,</span> <span class='ocrx_word' id='word_1_135' title='bbox 919 1974 968 2047; x_wconf 77' lang='lat' dir='ltr'>fi</span> <span class='ocrx_word' id='word_1_136' title='bbox 992 2003 1065 2047; x_wconf 84' lang='lat' dir='ltr'>ea</span> <span class='ocrx_word' id='word_1_137' title='bbox 1090 1977 1411 2047; x_wconf 78' lang='lat' dir='ltr'>incideret</span> <span class='ocrx_word' id='word_1_138' title='bbox 1443 1982 1509 2046; x_wconf 87' lang='lat' dir='ltr'>in</span> <span class='ocrx_word' id='word_1_139' title='bbox 1540 1991 1851 2073; x_wconf 85' lang='lat' dir='ltr'>tempora</span> <span class='ocrx_word' id='word_1_140' title='bbox 1876 1978 2264 2072; x_wconf 79' lang='lat' dir='ltr'>talia,·quae</span> <span class='ocrx_word' id='word_1_141' title='bbox 2282 1978 2389 2048; x_wconf 81' lang='lat' dir='ltr'>sua</span> <span class='ocrx_word' id='word_1_142' title='bbox 2418 1976 2661 2075; x_wconf 86' lang='lat' dir='ltr'>sponte</span> 
     </span>
     <span class='ocr_line' id='line_1_17' title="bbox 556 2078 2660 2177; baseline -0 -25"><span class='ocrx_word' id='word_1_143' title='bbox 556 2080 809 2152; x_wconf 78' lang='lat' dir='ltr'>aditum</span> <span class='ocrx_word' id='word_1_144' title='bbox 843 2082 909 2147; x_wconf 91' lang='lat' dir='ltr'>in</span> <span class='ocrx_word' id='word_1_145' title='bbox 943 2104 1179 2148; x_wconf 87' lang='lat' dir='ltr'>omnes</span> <span class='ocrx_word' id='word_1_146' title='bbox 1210 2098 1422 2149; x_wconf 88' lang='lat' dir='ltr'>terrae</span> <span class='ocrx_word' id='word_1_147' title='bbox 1452 2090 1668 2173; x_wconf 87' lang='lat' dir='ltr'>partes</span> <span class='ocrx_word' id='word_1_148' title='bbox 1698 2078 1930 2149; x_wconf 86' lang='lat' dir='ltr'>darent</span> <span class='ocrx_word' id='word_1_149' title='bbox 1954 2080 2062 2162; x_wconf 81' lang='lat' dir='ltr'>iis,</span> <span class='ocrx_word' id='word_1_150' title='bbox 2124 2104 2254 2175; x_wconf 82' lang='lat' dir='ltr'>per</span> <span class='ocrx_word' id='word_1_151' title='bbox 2291 2104 2459 2175; x_wconf 86' lang='lat' dir='ltr'>quos</span> <span class='ocrx_word' id='word_1_152' title='bbox 2503 2104 2660 2177; x_wconf 86' lang='lat' dir='ltr'>pro·</span> 
     </span>
     <span class='ocr_line' id='line_1_18' title="bbox 553 2176 2658 2279; baseline 0 -28"><span class='ocrx_word' id='word_1_153' title='bbox 553 2193 929 2279; x_wconf 76' lang='lat' dir='ltr'>pagaretur,</span> <span class='ocrx_word' id='word_1_154' title='bbox 958 2176 1112 2267; x_wconf 78' lang='lat' dir='ltr'>siue,</span> <span class='ocrx_word' id='word_1_155' title='bbox 1141 2176 1189 2249; x_wconf 82' lang='lat' dir='ltr'>si</span> <span class='ocrx_word' id='word_1_156' title='bbox 1206 2181 1433 2251; x_wconf 82' lang='lat' dir='ltr'>diuina</span> <span class='ocrx_word' id='word_1_157' title='bbox 1463 2180 1777 2273; x_wconf 80' lang='lat' dir='ltr'>sapientia</span> <span class='ocrx_word' id='word_1_158' title='bbox 1808 2184 1894 2249; x_wconf 84' lang='lat' dir='ltr'>ita</span> <span class='ocrx_word' id='word_1_159' title='bbox 1925 2198 2340 2277; x_wconf 80' lang='lat' dir='ltr'>praepararet</span> <span class='ocrx_word' id='word_1_160' title='bbox 2364 2184 2432 2252; x_wconf 91' lang='lat' dir='ltr'>in</span> <span class='ocrx_word' id='word_1_161' title='bbox 2461 2180 2658 2252; x_wconf 88' lang='lat' dir='ltr'>rebus</span> 
     </span>
     <span class='ocr_line' id='line_1_19' title="bbox 555 2277 2662 2379; baseline 0 -26"><span class='ocrx_word' id='word_1_162' title='bbox 555 2283 865 2354; x_wconf 85' lang='lat' dir='ltr'>humanis</span> <span class='ocrx_word' id='word_1_163' title='bbox 908 2288 1166 2357; x_wconf 79' lang='lat' dir='ltr'>omnia,</span> <span class='ocrx_word' id='word_1_164' title='bbox 1239 2295 1309 2351; x_wconf 88' lang='lat' dir='ltr'>vt</span> <span class='ocrx_word' id='word_1_165' title='bbox 1350 2286 1613 2351; x_wconf 78' lang='lat' dir='ltr'>munita</span> <span class='ocrx_word' id='word_1_166' title='bbox 1657 2281 1803 2351; x_wconf 85' lang='lat' dir='ltr'>satis</span> <span class='ocrx_word' id='word_1_167' title='bbox 1855 2277 2016 2352; x_wconf 83' lang='lat' dir='ltr'>effet</span> <span class='ocrx_word' id='word_1_168' title='bbox 2061 2283 2162 2352; x_wconf 87' lang='lat' dir='ltr'>via</span> <span class='ocrx_word' id='word_1_169' title='bbox 2202 2279 2662 2379; x_wconf 75' lang='lat' dir='ltr'>progrefl&#39;urae</span> 
     </span>
     <span class='ocr_line' id='line_1_20' title="bbox 450 2378 2660 2481; baseline 0 -27"><span class='ocrx_word' id='word_1_170' title='bbox 450 2378 455 2381; x_wconf 16' lang='lat' dir='ltr'>V</span> <span class='ocrx_word' id='word_1_171' title='bbox 492 2460 497 2473; x_wconf 58' lang='grc'>,</span> <span class='ocrx_word' id='word_1_172' title='bbox 557 2384 1082 2481; x_wconf 76' lang='lat' dir='ltr'>quaquauersum</span> <span class='ocrx_word' id='word_1_173' title='bbox 1113 2379 1453 2455; x_wconf 63' lang='lat' dir='ltr'>doarinae</span> <span class='ocrx_word' id='word_1_174' title='bbox 1484 2379 1752 2453; x_wconf 87' lang='lat' dir='ltr'>Christi:</span> <span class='ocrx_word' id='word_1_175' title='bbox 1809 2381 2072 2466; x_wconf 88' lang='lat' dir='ltr'>deinde,</span> <span class='ocrx_word' id='word_1_176' title='bbox 2101 2378 2146 2452; x_wconf 78' lang='lat' dir='ltr'>fi</span> <span class='ocrx_word' id='word_1_177' title='bbox 2175 2383 2309 2479; x_wconf 80' lang='lat' dir='ltr'>ipsa</span> <span class='ocrx_word' id='word_1_178' title='bbox 2342 2382 2660 2473; x_wconf 70' lang='lat' dir='ltr'>destrina,</span> 
     </span>
     <span class='ocr_line' id='line_1_21' title="bbox 559 2480 2686 2584; baseline 0.001 -28"><span class='ocrx_word' id='word_1_179' title='bbox 559 2482 779 2584; x_wconf 84' lang='lat' dir='ltr'>quoad</span> <span class='ocrx_word' id='word_1_180' title='bbox 821 2485 995 2558; x_wconf 81' lang='lat' dir='ltr'>salua</span> <span class='ocrx_word' id='word_1_181' title='bbox 1022 2487 1274 2557; x_wconf 85' lang='lat' dir='ltr'>summa</span> <span class='ocrx_word' id='word_1_182' title='bbox 1319 2480 1681 2577; x_wconf 72' lang='lat' dir='ltr'>(ess&#39;entia)</span> <span class='ocrx_word' id='word_1_183' title='bbox 1728 2486 1871 2555; x_wconf 83' lang='lat' dir='ltr'>eius</span> <span class='ocrx_word' id='word_1_184' title='bbox 1906 2484 2046 2556; x_wconf 79' lang='lat' dir='ltr'>fieri</span> <span class='ocrx_word' id='word_1_185' title='bbox 2091 2482 2336 2581; x_wconf 82' lang='lat' dir='ltr'>poffet,</span> <span class='ocrx_word' id='word_1_186' title='bbox 2397 2506 2686 2558; x_wconf 81' lang='lat' dir='ltr'>aecom-·</span> 
     </span>
     <span class='ocr_line' id='line_1_22' title="bbox 555 2584 2662 2685; baseline 0.001 -27"><span class='ocrx_word' id='word_1_187' title='bbox 555 2586 944 2659; x_wconf 81' lang='lat' dir='ltr'>modaretur</span> <span class='ocrx_word' id='word_1_188' title='bbox 973 2586 1390 2684; x_wconf 85' lang='lat' dir='ltr'>temporibus</span> <span class='ocrx_word' id='word_1_189' title='bbox 1423 2586 1566 2671; x_wconf 84' lang='lat' dir='ltr'>illis,</span> <span class='ocrx_word' id='word_1_190' title='bbox 1614 2585 1750 2657; x_wconf 86' lang='lat' dir='ltr'>hoc</span> <span class='ocrx_word' id='word_1_191' title='bbox 1774 2584 1883 2673; x_wconf 87' lang='lat' dir='ltr'>est,</span> <span class='ocrx_word' id='word_1_192' title='bbox 1913 2591 2196 2680; x_wconf 86' lang='lat' dir='ltr'>ingeniis</span> <span class='ocrx_word' id='word_1_193' title='bbox 2226 2591 2662 2685; x_wconf 79' lang='lat' dir='ltr'>populorum,</span> 
     </span>
     <span class='ocr_line' id='line_1_23' title="bbox 556 2675 2663 2791; baseline 0.002 -33"><span class='ocrx_word' id='word_1_194' title='bbox 556 2675 1013 2788; x_wconf 74' lang='lat' dir='ltr'>sensibusque,</span> <span class='ocrx_word' id='word_1_195' title='bbox 1063 2708 1136 2760; x_wconf 89' lang='lat' dir='ltr'>vt</span> <span class='ocrx_word' id='word_1_196' title='bbox 1166 2685 1318 2758; x_wconf 86' lang='lat' dir='ltr'>inde</span> <span class='ocrx_word' id='word_1_197' title='bbox 1350 2689 1516 2760; x_wconf 84' lang='lat' dir='ltr'>nihil</span> <span class='ocrx_word' id='word_1_198' title='bbox 1544 2688 1639 2773; x_wconf 89' lang='lat' dir='ltr'>ei,</span> <span class='ocrx_word' id='word_1_199' title='bbox 1695 2702 1806 2760; x_wconf 86' lang='lat' dir='ltr'>aut</span> <span class='ocrx_word' id='word_1_200' title='bbox 1834 2714 2035 2785; x_wconf 86' lang='lat' dir='ltr'>quam</span> <span class='ocrx_word' id='word_1_201' title='bbox 2064 2691 2421 2762; x_wconf 84' lang='lat' dir='ltr'>minimum</span> <span class='ocrx_word' id='word_1_202' title='bbox 2453 2694 2663 2791; x_wconf 74' lang='lat' dir='ltr'>impe-</span> 
     </span>
     <span class='ocr_line' id='line_1_24' title="bbox 557 2788 2166 2876; baseline 0.004 -18"><span class='ocrx_word' id='word_1_203' title='bbox 557 2788 867 2876; x_wconf 81' lang='lat' dir='ltr'>dimenti,</span> <span class='ocrx_word' id='word_1_204' title='bbox 926 2789 1342 2863; x_wconf 85' lang='lat' dir='ltr'>obiiceretur.</span> <span class='ocrx_word' id='word_1_205' title='bbox 2156 2801 2166 2812; x_wconf 82' lang='lat'>‘</span> 
     </span>
    </p>

    <p class='ocr_par' dir='ltr' id='par_1_5' title="bbox 556 2890 2659 3093">
     <span class='ocr_line' id='line_1_25' title="bbox 703 2890 2659 2991; baseline 0.005 -34"><span class='ocrx_word' id='word_1_206' title='bbox 703 2915 817 2977; x_wconf 85' lang='lat'>93.</span> <span class='ocrx_word' id='word_1_207' title='bbox 878 2895 1010 2963; x_wconf 87' lang='lat' dir='ltr'>Iam</span> <span class='ocrx_word' id='word_1_208' title='bbox 1058 2892 1242 2990; x_wconf 88' lang='lat' dir='ltr'>quod</span> <span class='ocrx_word' id='word_1_209' title='bbox 1286 2891 1365 2963; x_wconf 85' lang='lat' dir='ltr'>ad</span> <span class='ocrx_word' id='word_1_210' title='bbox 1408 2895 1704 2989; x_wconf 88' lang='lat' dir='ltr'>primum</span> <span class='ocrx_word' id='word_1_211' title='bbox 1749 2895 2018 2978; x_wconf 80' lang='lat' dir='ltr'>attinet,</span> <span class='ocrx_word' id='word_1_212' title='bbox 2094 2890 2190 2962; x_wconf 87' lang='lat' dir='ltr'>est</span> <span class='ocrx_word' id='word_1_213' title='bbox 2234 2890 2383 2963; x_wconf 82' lang='lat' dir='ltr'>sane</span> <span class='ocrx_word' id='word_1_214' title='bbox 2415 2893 2659 2991; x_wconf 85' lang='lat' dir='ltr'>perspi·</span> 
     </span>
     <span class='ocr_line' id='line_1_26' title="bbox 556 2991 2656 3093; baseline 0.004 -32"><span class='ocrx_word' id='word_1_215' title='bbox 556 3015 797 3075; x_wconf 80' lang='lat' dir='ltr'>cuum,</span> <span class='ocrx_word' id='word_1_216' title='bbox 840 3007 910 3062; x_wconf 88' lang='lat' dir='ltr'>et</span> <span class='ocrx_word' id='word_1_217' title='bbox 937 3019 972 3062; x_wconf 89' lang='lat' dir='ltr'>a</span> <span class='ocrx_word' id='word_1_218' title='bbox 999 2993 1295 3089; x_wconf 81' lang='lat' dir='ltr'>pluribus</span> <span class='ocrx_word' id='word_1_219' title='bbox 1325 2994 1884 3079; x_wconf 85' lang='lat' dir='ltr'>animaduersum,</span> <span class='ocrx_word' id='word_1_220' title='bbox 1943 3009 2013 3065; x_wconf 82' lang='lat' dir='ltr'>et</span> <span class='ocrx_word' id='word_1_221' title='bbox 2055 3020 2091 3065; x_wconf 84' lang='lat' dir='ltr'>a</span> <span class='ocrx_word' id='word_1_222' title='bbox 2136 2991 2333 3067; x_wconf 86' lang='lat' dir='ltr'>nobis</span> <span class='ocrx_word' id='word_1_223' title='bbox 2372 2998 2440 3067; x_wconf 89' lang='lat' dir='ltr'>in</span> <span class='ocrx_word' id='word_1_224' title='bbox 2471 2995 2656 3093; x_wconf 75' lang='lat' dir='ltr'>Insti-</span> 
     </span>
    </p>
   </div>
   <div class='ocr_carea' id='block_1_5' title="bbox 418 3096 2660 3188">
    <p class='ocr_par' dir='ltr' id='par_1_6' title="bbox 418 3096 2660 3188">
     <span class='ocr_line' id='line_1_27' title="bbox 418 3096 2660 3188; baseline 0 -18"><span class='ocrx_word' id='word_1_225' title='bbox 418 3098 799 3184; x_wconf 29' lang='lat' dir='ltr'>:uas-tutione</span> <span class='ocrx_word' id='word_1_226' title='bbox 834 3098 1108 3186; x_wconf 70' lang='lat' dir='ltr'>Interpr.</span> <span class='ocrx_word' id='word_1_227' title='bbox 1160 3099 1249 3168; x_wconf 83' lang='lat' dir='ltr'>N.</span> <span class='ocrx_word' id='word_1_228' title='bbox 1288 3097 1361 3166; x_wconf 77' lang='lat' dir='ltr'><em>T</em></span> <span class='ocrx_word' id='word_1_229' title='bbox 1374 3122 1443 3188; x_wconf 82' lang='lat' dir='ltr'>p.</span> <span class='ocrx_word' id='word_1_230' title='bbox 1483 3122 1528 3184; x_wconf 66' lang='lat'>2.</span> <span class='ocrx_word' id='word_1_231' title='bbox 1539 3119 1646 3178; x_wconf 71' lang='lat'>11·</span> <span class='ocrx_word' id='word_1_232' title='bbox 1691 3119 1800 3166; x_wconf 79' lang='lat'>12.</span> <span class='ocrx_word' id='word_1_233' title='bbox 1843 3096 2299 3184; x_wconf 87' lang='lat' dir='ltr'>admonitum,</span> <span class='ocrx_word' id='word_1_234' title='bbox 2359 3100 2427 3169; x_wconf 92' lang='lat' dir='ltr'>in</span> <span class='ocrx_word' id='word_1_235' title='bbox 2477 3103 2660 3174; x_wconf 82' lang='lat' dir='ltr'>notis</span> 
     </span>
    </p>
   </div>
   <div class='ocr_carea' id='block_1_6' title="bbox 496 3192 2663 4319">
    <p class='ocr_par' dir='ltr' id='par_1_7' title="bbox 496 3192 2663 4212">
     <span class='ocr_line' id='line_1_28' title="bbox 551 3192 2657 3292; baseline 0.004 -28"><span class='ocrx_word' id='word_1_236' title='bbox 551 3194 681 3265; x_wconf 84' lang='lat' dir='ltr'>illis</span> <span class='ocrx_word' id='word_1_237' title='bbox 714 3192 1224 3281; x_wconf 70' lang='lat' dir='ltr'>migrationibus</span> <span class='ocrx_word' id='word_1_238' title='bbox 1257 3195 1692 3268; x_wconf 79' lang='lat' dir='ltr'>Israelitarum</span> <span class='ocrx_word' id='word_1_239' title='bbox 1727 3199 1794 3266; x_wconf 89' lang='lat' dir='ltr'>in</span> <span class='ocrx_word' id='word_1_240' title='bbox 1832 3196 2181 3292; x_wconf 63' lang='lat' dir='ltr'>Assyriam,</span> <span class='ocrx_word' id='word_1_241' title='bbox 2240 3197 2657 3286; x_wconf 75' lang='lat' dir='ltr'>chaldaeam,</span> 
     </span>
     <span class='ocr_line' id='line_1_29' title="bbox 496 3295 2654 3398; baseline 0.001 -30"><span class='ocrx_word' id='word_1_242' title='bbox 496 3376 499 3380; x_wconf 46' lang='grc'>,</span> <span class='ocrx_word' id='word_1_243' title='bbox 552 3320 767 3389; x_wconf 83' lang='lat' dir='ltr'>regna</span> <span class='ocrx_word' id='word_1_244' title='bbox 812 3296 1336 3379; x_wconf 81' lang='lat' dir='ltr'>Seleucidarum,</span> <span class='ocrx_word' id='word_1_245' title='bbox 1396 3295 1822 3388; x_wconf 75' lang='lat' dir='ltr'>Legidarum,</span> <span class='ocrx_word' id='word_1_246' title='bbox 1898 3302 2271 3398; x_wconf 77' lang='lat' dir='ltr'>vicinasque</span> <span class='ocrx_word' id='word_1_247' title='bbox 2326 3303 2654 3389; x_wconf 70' lang='lat' dir='ltr'>regioneS,</span> 
     </span>
     <span class='ocr_line' id='line_1_30' title="bbox 555 3397 2656 3497; baseline 0.003 -29"><span class='ocrx_word' id='word_1_248' title='bbox 555 3397 881 3495; x_wconf 85' lang='lat' dir='ltr'>denique,</span> <span class='ocrx_word' id='word_1_249' title='bbox 969 3398 1047 3468; x_wconf 86' lang='lat' dir='ltr'>ab</span> <span class='ocrx_word' id='word_1_250' title='bbox 1098 3397 1365 3471; x_wconf 79' lang='lat' dir='ltr'>foedere</span> <span class='ocrx_word' id='word_1_251' title='bbox 1419 3423 1575 3471; x_wconf 85' lang='lat' dir='ltr'>cum</span> <span class='ocrx_word' id='word_1_252' title='bbox 1615 3402 1930 3474; x_wconf 83' lang='lat' dir='ltr'>Romanis</span> <span class='ocrx_word' id='word_1_253' title='bbox 1975 3404 2174 3488; x_wconf 83' lang='lat' dir='ltr'>inite,</span> <span class='ocrx_word' id='word_1_254' title='bbox 2253 3424 2376 3497; x_wconf 87' lang='lat' dir='ltr'>per</span> <span class='ocrx_word' id='word_1_255' title='bbox 2414 3403 2656 3474; x_wconf 71' lang='lat' dir='ltr'>omnes</span> 
     </span>
     <span class='ocr_line' id='line_1_31' title="bbox 553 3498 2663 3602; baseline 0.004 -35"><span class='ocrx_word' id='word_1_256' title='bbox 553 3498 871 3598; x_wconf 82' lang='lat' dir='ltr'>deinceps</span> <span class='ocrx_word' id='word_1_257' title='bbox 903 3504 1174 3601; x_wconf 86' lang='lat' dir='ltr'>Imperii</span> <span class='ocrx_word' id='word_1_258' title='bbox 1206 3500 1486 3573; x_wconf 85' lang='lat' dir='ltr'>Romani</span> <span class='ocrx_word' id='word_1_259' title='bbox 1523 3517 1776 3602; x_wconf 85' lang='lat' dir='ltr'>partes,</span> <span class='ocrx_word' id='word_1_260' title='bbox 1844 3519 1944 3590; x_wconf 86' lang='lat' dir='ltr'>et,</span> <span class='ocrx_word' id='word_1_261' title='bbox 2012 3499 2307 3574; x_wconf 75' lang='lat' dir='ltr'>concessa</span> <span class='ocrx_word' id='word_1_262' title='bbox 2347 3527 2382 3571; x_wconf 78' lang='lat' dir='ltr'>a</span> <span class='ocrx_word' id='word_1_263' title='bbox 2414 3506 2663 3576; x_wconf 84' lang='lat' dir='ltr'>Roma-</span> 
     </span>
     <span class='ocr_line' id='line_1_32' title="bbox 552 3601 2662 3705; baseline 0.005 -35"><span class='ocrx_word' id='word_1_264' title='bbox 552 3603 658 3670; x_wconf 83' lang='lat' dir='ltr'>nis</span> <span class='ocrx_word' id='word_1_265' title='bbox 707 3601 1013 3676; x_wconf 73' lang='lat' dir='ltr'>libertate</span> <span class='ocrx_word' id='word_1_266' title='bbox 1053 3607 1392 3696; x_wconf 77' lang='lat' dir='ltr'>religionis</span> <span class='ocrx_word' id='word_1_267' title='bbox 1435 3606 1590 3675; x_wconf 80' lang='lat' dir='ltr'>ritu‘</span> <span class='ocrx_word' id='word_1_268' title='bbox 1613 3606 1830 3700; x_wconf 89' lang='lat' dir='ltr'>patrio</span> <span class='ocrx_word' id='word_1_269' title='bbox 1877 3607 2232 3692; x_wconf 84' lang='lat' dir='ltr'>colendae,</span> <span class='ocrx_word' id='word_1_270' title='bbox 2286 3605 2484 3677; x_wconf 77' lang='lat' dir='ltr'>etiam</span> <span class='ocrx_word' id='word_1_271' title='bbox 2527 3623 2662 3705; x_wconf 19' lang='lat' dir='ltr'>&#39;per</span> 
     </span>
     <span class='ocr_line' id='line_1_33' title="bbox 553 3704 2663 3803; baseline 0.005 -32"><span class='ocrx_word' id='word_1_272' title='bbox 553 3718 932 3794; x_wconf 67' lang='lat' dir='ltr'>contre-ntus</span> <span class='ocrx_word' id='word_1_273' title='bbox 963 3705 1293 3776; x_wconf 82' lang='lat' dir='ltr'>sacrorum</span> <span class='ocrx_word' id='word_1_274' title='bbox 1344 3704 1554 3777; x_wconf 72' lang='lat' dir='ltr'>caussa</span> <span class='ocrx_word' id='word_1_275' title='bbox 1596 3707 1763 3777; x_wconf 88' lang='lat' dir='ltr'>locis</span> <span class='ocrx_word' id='word_1_276' title='bbox 1810 3706 2098 3803; x_wconf 85' lang='lat' dir='ltr'>publicis</span> <span class='ocrx_word' id='word_1_277' title='bbox 2140 3731 2215 3777; x_wconf 88' lang='lat' dir='ltr'>ac</span> <span class='ocrx_word' id='word_1_278' title='bbox 2255 3706 2663 3783; x_wconf 80' lang='lat' dir='ltr'>solemnibus</span> 
     </span>
     <span class='ocr_line' id='line_1_34' title="bbox 553 3800 2663 3906; baseline 0.004 -32"><span class='ocrx_word' id='word_1_279' title='bbox 553 3800 933 3888; x_wconf 72' lang='lat' dir='ltr'>habendeS‚</span> <span class='ocrx_word' id='word_1_280' title='bbox 990 3811 1603 3900; x_wconf 75' lang='lat' dir='ltr'>praemunitionem</span> <span class='ocrx_word' id='word_1_281' title='bbox 1655 3807 1982 3904; x_wconf 79' lang='lat' dir='ltr'>quandam</span> <span class='ocrx_word' id='word_1_282' title='bbox 2031 3836 2067 3881; x_wconf 87' lang='lat' dir='ltr'>a</span> <span class='ocrx_word' id='word_1_283' title='bbox 2107 3811 2533 3906; x_wconf 83' lang='lat' dir='ltr'>prouidentia</span> <span class='ocrx_word' id='word_1_284' title='bbox 2572 3811 2663 3882; x_wconf 84' lang='lat' dir='ltr'>di·</span> 
     </span>
     <span class='ocr_line' id='line_1_35' title="bbox 550 3901 2662 4002; baseline 0.004 -27"><span class='ocrx_word' id='word_1_285' title='bbox 550 3909 705 3975; x_wconf 80' lang='lat' dir='ltr'>vina</span> <span class='ocrx_word' id='word_1_286' title='bbox 732 3901 965 3976; x_wconf 59' lang='lat' dir='ltr'>faaam</span> <span class='ocrx_word' id='word_1_287' title='bbox 1014 3910 1100 3977; x_wconf 87' lang='lat' dir='ltr'>ad</span> <span class='ocrx_word' id='word_1_288' title='bbox 1148 3909 1403 3981; x_wconf 82' lang='lat' dir='ltr'>facilem</span> <span class='ocrx_word' id='word_1_289' title='bbox 1450 3925 1520 3981; x_wconf 88' lang='lat' dir='ltr'>et</span> <span class='ocrx_word' id='word_1_290' title='bbox 1560 3911 1840 3982; x_wconf 88' lang='lat' dir='ltr'>celerem</span> <span class='ocrx_word' id='word_1_291' title='bbox 1885 3911 2222 3998; x_wconf 63' lang='lat' dir='ltr'>religionis</span> <span class='ocrx_word' id='word_1_292' title='bbox 2254 3910 2662 4002; x_wconf 85' lang='lat' dir='ltr'>Christianae</span> 
     </span>
     <span class='ocr_line' id='line_1_36' title="bbox 547 4006 2659 4107; baseline 0.003 -29"><span class='ocrx_word' id='word_1_293' title='bbox 547 4009 1132 4106; x_wconf 81' lang='lat' dir='ltr'>propagationem,</span> <span class='ocrx_word' id='word_1_294' title='bbox 1183 4034 1339 4102; x_wconf 78' lang='lat' dir='ltr'>cum</span> <span class='ocrx_word' id='word_1_295' title='bbox 1369 4037 1441 4081; x_wconf 86' lang='lat' dir='ltr'>ea</span> <span class='ocrx_word' id='word_1_296' title='bbox 1469 4036 1574 4082; x_wconf 86' lang='lat' dir='ltr'>res</span> <span class='ocrx_word' id='word_1_297' title='bbox 1606 4006 1936 4107; x_wconf 85' lang='lat' dir='ltr'>Apostolis</span> <span class='ocrx_word' id='word_1_298' title='bbox 1970 4011 2226 4082; x_wconf 79' lang='lat' dir='ltr'>aditum</span> <span class='ocrx_word' id='word_1_299' title='bbox 2258 4012 2516 4084; x_wconf 89' lang='lat' dir='ltr'>facilem</span> <span class='ocrx_word' id='word_1_300' title='bbox 2549 4014 2659 4085; x_wconf 85' lang='lat' dir='ltr'>da·</span> 
     </span>
     <span class='ocr_line' id='line_1_37' title="bbox 551 4109 2659 4212; baseline 0.001 -31"><span class='ocrx_word' id='word_1_301' title='bbox 551 4121 690 4194; x_wconf 78' lang='lat' dir='ltr'>ret,</span> <span class='ocrx_word' id='word_1_302' title='bbox 747 4134 893 4184; x_wconf 82' lang='lat' dir='ltr'>non</span> <span class='ocrx_word' id='word_1_303' title='bbox 937 4109 1148 4184; x_wconf 84' lang='lat' dir='ltr'>modo</span> <span class='ocrx_word' id='word_1_304' title='bbox 1187 4111 1267 4184; x_wconf 82' lang='lat' dir='ltr'>ad</span> <span class='ocrx_word' id='word_1_305' title='bbox 1309 4113 1535 4187; x_wconf 85' lang='lat' dir='ltr'>omnia</span> <span class='ocrx_word' id='word_1_306' title='bbox 1583 4111 1837 4212; x_wconf 79' lang='lat' dir='ltr'>oppida·</span> <span class='ocrx_word' id='word_1_307' title='bbox 1872 4112 2040 4188; x_wconf 86' lang='lat' dir='ltr'>culti</span> <span class='ocrx_word' id='word_1_308' title='bbox 2083 4114 2265 4189; x_wconf 87' lang='lat' dir='ltr'>orbis</span> <span class='ocrx_word' id='word_1_309' title='bbox 2307 4131 2659 4203; x_wconf 83' lang='lat' dir='ltr'>terrarum,</span> 
     </span>
    </p>

    <p class='ocr_par' dir='ltr' id='par_1_8' title="bbox 2363 4239 2658 4319">
     <span class='ocr_line' id='line_1_38' title="bbox 2363 4239 2658 4319; baseline 0.01 -30"><span class='ocrx_word' id='word_1_310' title='bbox 2363 4239 2658 4319; x_wconf 69' lang='lat' dir='ltr'>quorum</span> 
     </span>
    </p>
   </div>
  </div>
 </body>
</html>
