2949 5023
994 437 1666 493 cnnxsrranaz
1915 434 1926 453 '‘
2207 420 2360 517 {333

256 604 349 675 tis
382 595 827 674 'confirmatae
872 610 941 672 et
987 603 1375 679 exercitatae
1416 601 1777 677 voluntatis
1821 600 2037 678 bonae
2066 603 2358 678 *nascuw

259 721 410 787 tur;
453 700 693 781 deinde
737 726 898 774 vero
943 699 1307 776 vitiositatis
1352 706 1561 777 totius
1603 707 1929 794 internae,
1975 724 2124 780 tum
2168 709 2362 793 illius.

260 829 433 906 quae
477 801 816 877 conti-asta
861 801 954 875 est
1000 804 1196 902 culpa
1238 801 1490 896 nostra,
1543 820 1689 878 tum
1734 809 1893 893 eius,
1943 835 2113 907 quae
2155 806 2249 881 est
2285 816 2356 885 in

260 907 396 1007 ipsa
427 923 663 978 natura
692 902 934 977 nostra.
1033 910 1334 1004 Oportet
1369 910 1577 999 igitur
1602 911 1670 979 in
1698 910 1823 980 illis
1849 910 2228 1007 praesertim
2261 913 2358 984 in·
2441 972 2448 979 ,

257 1012 390 1082 itiis
427 1013 597 1080 vitae
625 1006 704 1078 ad
736 1003 1141 1079 sanffitatem
1173 1028 1243 1081 et
1289 1013 1603 1081 virtutem
1634 1011 2173 1099 conformandae,
2219 1026 2362 1086 cre·‘

259 1111 386 1186 bro
416 1109 754 1180 recensere
782 1106 921 1180 asta
946 1106 1179 1194 nostra,
1219 1136 1428 1208 eaque
1453 1109 1534 1182 ad
1566 1134 1864 1184 normam
1896 1111 2064 1208 legis
2096 1114 2363 1187 diuinae

168 1243 183 1251 ·
265 1212 560 1306 exigere,
607 1235 735 1281 nec
779 1214 848 1281 in
890 1236 973 1282 eo
1020 1211 1265 1283 iudicio
1309 1237 1385 1281 ac
1421 1213 1608 1284 velut
1650 1213 1851 1286 censu
1890 1212 2112 1288 fauere
2142 1214 2368 1289 fibiae'

264 1338 566 1412 parcere,
608 1313 711 1383 vel
742 1310 1192 1396 conniuendo‚
1239 1312 1346 1383 vel
1375 1310 1666 1406 benigne
1696 1316 2219 1412 interpretando,
2251 1314 2365 1388 sed

268 1416 588 1488 summam
617 1415 1042 1487 seueritatem
1088 1411 1420 1486 adhibere.
1525 1422 1682 1485 Nec
1721 1441 1797 1487 ea
1826 1434 1930 1487 res
1958 1417 2166 1490 modo
2194 1418 2368 1490 rese·

267 1516 474 1589 tenda
502 1512 596 1587 est
622 1513 701 1586 ad
728 1519 985 1587 veniam
1027 1514 1407 1611 petendam,
1456 1513 1569 1587 sed
1601 1518 1821 1600 etiam,
1859 1535 1927 1588 et
1952 1521 2053 1588 vel
2082 1524 2369 1591 maxime

268 1616 353 1691 ad
382 1618 629 1690 bonam
658 1618 1075 1690 voluntatem
1120 1633 1190 1688 et
1227 1611 1694 1689 industionem
1723 1622 1927 1705 animi
1957 1616 2369 1708 firmandam,

272 1736 346 1791 et
377 1719 949 1793 animaduertendi
990 1718 1400 1812 diligentiam
1442 1721 1511 1788 in
1545 1716 2369 1816 posterum—excitandam:

270 1837 684 1923 oportetque
719 1822 942 1893 videre
972 1818 1266 1903 subinde,
1297 1819 1461 1914 quid
1486 1824 1707 1893 minus
1734 1819 1982 1894 fastum
2014 1818 2091 1893 fit
2118 1827 2186 1894 in
2216 1848 2371 1896 eam

206 2011 219 2020 ,
271 1932 560 2026 partem,
619 1937 687 1993 et
730 1919 1017 2008 vicissim,
1068 1919 1227 2019 quid
1272 1923 1421 2018 plus
1466 1924 1532 1992 in
1582 1938 1838 2019 partem
1879 1923 2246 2008 meliorem,
2291 1942 2372 1997 vt

275 2029 475 2099 etiam
508 2020 741 2098 «frustu
797 2025 972 2096 illius
1031 2022 1508 2096 exercitationis
1566 2040 1636 2094 et
1682 2020 1991 2121 profeau
2034 2027 2374 2114 laetemur,

274 2129 645 2225 fiamusque
686 2124 765 2197 ad
803 2152 969 2212 eam,
1024 2143 1095 2199 et
1122 2127 1404 2197 omnino
1431 2122 1514 2196 ad
1557 2118 1755 2197 officii
1797 2127 2231 2199 conseruandi
2261 2152 2378 2199 cu·

274 2238 438 2318 fam,
489 2230 857 2301 alacriores.
953 2231 1122 2298 Non
1166 2223 1260 2297 est
1301 2246 1487 2321 grata
1527 2225 1788 2299 homini
1813 2229 1977 2299 haec
2018 2226 2377 2301 industriae
2497 2228 2502 2231 ’

279 2333 680 2411 exercitatio,
727 2347 874 2401 tum
906 2332 1060 2425 quia
1093 2331 1317 2400 omnis
1345 2332 1773 2421 cogitationis
1803 2329 2000 2399 seriae
2032 2348 2099 2402 et
2127 2328 2380 2402 diutur-

279 2436 490 2511 nioris
521 2430 708 2503 labor
734 2429 827 2502 est
854 2427 1187 2514 molestus,
1237 2429 1618 2530 praesertim
1649 2433 1712 2502 ei
1742 2453 1881 2501 non
1913 2429 2213 2515 adsuetis,
2260 2433 2382 2526 qui

283 2539 439 2613 sunt
481 2535 814 2633 plerique:
865 2550 1010 2605 tum
1054 2533 1242 2630 quod
1284 2558 1360 2604 ea
1403 2533 1592 2632 saepe
1641 2535 1829 2625 cogit
1866 2533 2213 2605 hominem
2262 2531 2382 2606 fibi

282 2639 651 2738 displicere.
751 2635 877 2708 Sed
910 2634 1084 2706 illius
1121 2630 1411 2707 tristitiae
1441 2633 1973 2726 magnitudinem
2006 2623 2213 2728 longe
2235 2636 2381 2707 vin·

281 2747 380 2816 cit
406 2732 798 2811 neceffitatis
826 2751 896 2807 et
927 2737 1218 2809 vtilitatis
1251 2734 1659 2830 magnitudo.
1762 2740 1944 2809 Nam
1970 2732 2104 2808 sine
2135 2762 2209 2807 ea
2236 2735 2386 2808 nul·

282 2846 358 2919 lo
420 2836 630 2914 modo
669 2837 1016 2909 emendari
1060 2835 1284 2908 vitiosa
1325 2833 1616 2936 possunt,
1668 2851 1736 2908 et
1778 2839 1992 2911 oritur
2035 2838 2384 2938 paullatim

285 2946 601 3021 securitas
630 2958 699 3013 et
724 2943 982 3033 ignauia
1006 2941 1074 3009 in
1101 2962 1313 3034 opere
1355 2941 1634 3022 virtutis,
1684 2939 1752 3009 in
1782 2964 1916 3039 qua
1943 2959 2126 3013 retro
2152 2933 2386 3013 labu'n·

288 3061 403 3120 tur
433 3045 673 3126 omnia,
715 3060 785 3114 et
816 3067 921 3113 res
957 3041 1267 3112 celeriter
1295 3038 1380 3112 ad
1419 3036 1759 3137 pristinam
1783 3042 2251 3115 conditionem
2278 3068 2388 3115 re-

291 3146 417 3220 dit.
517 3142 642 3216 Sed
676 3141 846 3215 haud
880 3141 1035 3226 scio,
1080 3166 1164 3211 an
1208 3142 1400 3215 etiam
1435 3143 1587 3241 plus
1617 3142 1829 3214 valeat
1869 3144 2233 3218 vitiositatis
2261 3168 2390 3217 no«

288 3246 462 3325 strae
504 3245 839 3316 vniuersae
885 3245 1243 3335 cogitati03
1291 3268 1458 3339 quae
1502 3245 1698 3316 etiam
1730 3243 1838 3316 sua
1870 3237 2113 3346 sponte
2140 3231 2391 3337 ingeri·

289 3366 407 3425 tur
443 3344 639 3420 nobis
680 3363 751 3418 et
787 3349 863 3417 in
902 3344 1137 3417 oculos
1166 3348 1452 3429 incurrit
1483 3348 1554 3415 in
1593 3344 1919 3444 superiori
1944 3349 2051 3419 illa
2077 3348 2387 3416 exercita·

291 3457 500 3526 tione.
604 3453 785 3521 Nam
815 3443 947 3518 siue
987 3445 1170 3518 illam
1212 3445 1632 3520 vitiositatem
1666 3461 1748 3543 >et
1776 3446 2222 3543 corruptelam
2253 3448 2400 3518 ani-'
2509 3481 2530 3492 κ

296 3556 393 3627 mi
421 3578 498 3625 ac
528 3554 700 3624 vitae
730 3546 1100 3647 perpendas
1143 3562 1213 3619 et
1257 3565 1641 3632 contueare,
1681 3572 1854 3644 quae
1882 3548 2076 3644 culpa
2102 3549 2271 3620 vitae
2294 3546 2397 3619 sud

300 3656 586 3755 periuris
629 3647 970 3726 contrasta
1010 3646 1137 3734 est3
1203 3647 1584 3721 foeditatem
1639 3650 1780 3719 eius
1821 3652 2027 3741 magis
2066 3649 2393 3744 intelligas

303 3780 385 3828 ac
407 3753 650 3839 doleas,
696 3772 767 3826 et
798 3754 880 3825 ad
913 3778 1059 3826 earn
1073 3748 1507 3843 frangendam
1543 3775 1616 3821 ac
1634 3747 2025 3822 vincendam
2055 3754 2393 3834 exciterls;

299 3853 444 3930 fiue
470 3881 615 3927 earn
644 3853 1034 3938 considereS,
1071 3877 1240 3953 quae
1270 3854 1336 3924 in
1367 3867 1604 3923 natura
1635 3849 1763 3948 ipsa
1794 3852 2042 3938 haeret,
2089 3851 2403 3946 facitque,

300 3972 382 4034 vt
411 3956 664 4029 facilius
692 3959 863 4030 male
900 3956 1119 4043 facias,
1171 3978 1370 4051 quarn
1398 3950 1611 4041 reste,
1655 3956 1728 4024 in
1760 3950 1936 4026 resle
1988 3951 2250 4048 agendo
2282 3977 2394 4024 au·

298 4075 450 4134 tem
492 4071 681 4130 tanta.
721 4052 1108 4130 difficultate
1151 4055 1510 4153 impediare
1550 4079 1628 4127 ac
1668 4055 2030 4140 retardere,
2081 4070 2153 4124 vt
2195 4055 2398 4126 etiam

298 4164 498 4266 saepe
528 4175 760 4235 contra
788 4159 999 4245 facias,
1024 4181 1103 4242 ac
1127 4157 1567 4257 proposueras
1598 4161 1841 4241 animo,
1870 4152 2052 4230 Rom.
2086 4150 2398 4327 Vll‘iia'g.
2485 4225 2496 4246 κ

2162 4278 2207 4329 0
2281 4273 2400 4331 um
