2949 5023
546 375 734 475 .368
1136 391 1521 443 mennas
1579 395 1714 455 ιιι,
1771 392 2176 440 virtutae·

590 550 1307 645 defidaahanttudaeQ
1322 555 1790 653 etquicunque
1815 555 1958 651 pari
1984 550 2442 627 imbecillitate
2454 569 2706 629 tenen--

590 680 707 748 tur
726 717 744 747 ,
788 659 1185 754 dignitatem
1216 678 1489 729 omnem
1522 654 2050 754 et‘splendorem
2082 657 2340 729 habeta
2367 657 2696 732 facultate

589 764 957 839 securitatis
982 777 1289 832 externae
1302 755 1611 840 tuendae,
1640 764 1712 828 'et
1735 755 2059 829 iuuandae
2083 757 2413 831 felicitatis
2431 763 2691 836 ciuiliaz

592 866 698 939 cui
728 889 880 937 cum
913 860 1052 935 no‘n
1085 864 1304 945 seruit,
1354 877 1617 931 mortua
1647 855 1760 946 est,
1795 858 1902 929 vbi
1931 857 2328 944 aduersam&
2345 866 2560 932 :etiam
2593 866 2697 933 in·

589 968 743 1041 visa.
799 964 980 1051 Quid
1005 986 1192 1055 ergo,
1223 962 1348 1032 hae
1372 962 1486 1033 tali
1515 963 1819 1057 potentia
1834 956 2136 1045 detra&
2161 957 2389 1044 amisit,
2417 966 2704 1059 quinon·

589 1066 1060 1142 securitatis-et
1090 1066 1418 1143 felicitatis
1449 1078 1751 1134 externae
1783 1058 1992 1133 mulsa
2015 1078 2205 1134 natus
2225 1080 2408 1144 crat,
2451 1062 2559 1135 sed
2589 1070 2712 1138 in.-

591 1186 846 1255 ternae,
878 1168 1047 1265 quae
1074 1166 1279 1239 nullia
1298 1167 1640 1259 potentiae
1667 1180 1737 1234 et
1763 1163 2450 1260 opuminstrumentis
2467 1190 2690 1264 neque

682 1287 882 1357 ratur,
912 1293 1133 1366 neque
1160 1266 1605 1340 conseruatur:
1664 1262 2009 1359 Agebatur
2035 1289 2185 1336 vera
2212 1283 2284 1336 et
2305 1283 2582 1338 aeterna
2598 1270 2687 1340 sa·

587 1298 694 1446 {ss
743 1372 1126 1454 hominurn,
1177 1392 1345 1466 quae
1372 1394 1409 1439 a
1451 1371 1759 1451 veritate,
1818 1365 2223 1460 benignitate
2262 1384 2330 1437 et
2370 1365 2688 1466 sapientia

590 1473 815 1547 diuina
844 1473 1043 1547 venit.
1105 1473 1198 1542 Ea
1224 1464 1316 1540 est
1341 1493 1469 1541 vna
1499 1485 1570 1539 et
1594 1484 1845 1540 veraet
1871 1469 2069 1561 digna
2100 1469 2266 1540 Filio
2285 1472 2409 1541 Dei
2438 1491 2686 1568 poten·
2777 1548 2780 1555 ,

591 1577 718 1663 tia,
766 1576 897 1646 hae·
917 1573 1155 1666 dignae
1184 1595 1348 1670 opes
1362 1603 1382 1657 3
1448 1595 1641 1667 quam,
1683 1571 1754 1641 in
1784 1569 1916 1669 ipsa
1947 1569 2060 1640 illa
2088 1571 2461 1641 humilitate
2491 1572 2688 1645 sortia

592 1694 664 1750 et
688 1678 1013 1748 tenuitate
1040 1672 1350 1745 fortunae
1367 1728 1384 1759 ,
1436 1669 1698 1743 abunde
1724 1690 1793 1744 et
1833 1669 2065 1744 habuit
2094 1686 2165 1743 et
2192 1669 2691 1746 demonstrauit.

588 1783 694 1854 Io.
720 1766 767 1862 Ι,Ι
804 1799 911 1864 14.
1014 1783 1116 1848 Ac
1151 1799 1292 1846 non
1320 1772 1741 1859 dubitamua,
1771 1771 2082 1845 visibilem
2120 1772 2688 1870 splendoremhm

482 1872 493 1889 χ
586 1904 835 1954 norum
852 1933 873 1964 ,
926 1879 1267 1975 potentiae
1313 1891 1386 1948 et
1415 1879 1760 1973 copiarum
1802 1872 1985 1947 fuisse
2017 1873 2411 1947 obfuturum
2457 1880 2690 1950 maiori

587 1976 997 2054 inaiestatiex
1024 1980 1304 2051 internis
1334 1974 2031 2075 etinadspeflabilibus
2060 1976 2274 2063 bonis,
2303 1976 2690 2051 hominum-

588 2104 726 2179 que
753 2079 971 2153 sensus
984 2083 1077 2151 ita
1093 2095 1624 2160 excoecaturum,
1640 2094 1714 2149 vt
1727 2103 2000 2163 cernere
2016 2103 2156 2151 non
2172 2077 2440 2177 possent
2458 2082 2689 2153 lumen

586 2185 919 2256 maiorum
945 2179 1299 2269 bonorum,
1343 2179 1529 2280 quod
1557 2181 1692 2252 sola
1720 2183 2148 2273 intelligentia
2177 2185 2487 2278 percipit.

742 2280 1084 2365 Profesto,
1128 2288 1516 2381 quicunque
1547 2307 1769 2354 veram
1796 2282 2172 2381 sapientiam
2204 2285 2589 2376 intelligunt
2615 2298 2689 2358 et

591 2403 852 2470 amant,
896 2386 1259 2479 agnoscent
1286 2388 1515 2482 potius
1545 2387 1613 2455 in
1638 2409 1724 2455 eo
1753 2383 2140 2457 veriflimam
2158 2438 2176 2469 ‚
2216 2402 2288 2456 et
2314 2387 2692 2470 amabilem,

589 2505 662 2563 et
690 2487 958 2581 dignam
976 2491 1125 2559 Deo
1153 2485 1557 2585 sapientiam,
1592 2485 1775 2586 quod
1803 2487 2045 2559 Filium
2071 2488 2262 2560 suum
2294 2513 2452 2561 cum
2484 2489 2688 2562 vellet

583 2593 932 2665 hominem
945 2581 1106 2672 fieri,
1137 2592 1326 2660 omni
1349 2588 1460 2660 illa
1486 2590 1812 2662 humanae
1824 2592 2130 2662 vanitatis
2158 2615 2406 2689 pompa
2420 2592 2687 2665 inanem
2755 2629 2762 2652 ι

588 2708 660 2766 et
689 2689 975 2765 liberum
1006 2687 1364 2771 effeiuffit,
1419 2690 1715 2788 nihilque
1750 2695 1821 2761 in
1863 2691 2039 2762 illius
2090 2693 2386 2765 hominis
2414 2692 2688 2766 fortuna
2775 2743 2782 2762 ,

585 2795 862 2892 reliquit
884 2793 1190 2892 pulcrum
1217 2789 1507 2866 sensibus
1525 2847 1543 2877 ,
1575 2789 2027 2865 'admirandum
2058 2794 2337 2893 populo3
2368 2813 2440 2866 vt
2466 2794 2687 2869 homi·

585 2918 707 2968 nes
735 2890 820 2964 ad
845 2891 1371 2993 inadspestabilia
1399 2911 1473 2966 et
1503 2891 1882 2978 cernenda,
1923 2910 1995 2965 et
2021 2894 2326 2984 amanda,
2378 2914 2450 2968 et
2477 2898 2694 2971 admi-r

586 2991 787 3067 nanda
801 3012 1400 3088 conuerterentur3
1449 3000 1521 3067 in
1537 3023 1678 3096 quo
1706 2994 1798 3067 est
1810 3021 1981 3083 vera,
2003 2993 2120 3068 etsi
2148 3021 2388 3095 parum
2401 2998 2690 3096 speciosa

587 3093 810 3186 vulgo,
842 3110 914 3164 et
938 3091 1222 3166 difficilis
1249 3096 1580 3193 sapientia.
1671 3104 1855 3170 Nam
1887 3097 2311 3200 splendorem
2340 3109 2686 3198 potentiae

582 3195 953 3280 humanae,
990 3192 1559 3288 magnificentiae,
1604 3198 2002 3282 diuitiarum,
2026 3199 2328 3273 admirari
2356 3201 2543 3274 facile
2569 3197 2686 3286 est,

583 3312 781 3373 tanto
811 3297 1061 3396 cuique
1084 3295 1357 3383 facilius,
1402 3315 1654 3397 quanto
1686 3298 1781 3370 est
1807 3300 1946 3401 ipse
1967 3299 2223 3375 stultior
2251 3319 2319 3374 et
2346 3306 2514 3375 vitiis
2538 3303 2682 3401 ple-

582 3402 774 3475 niora
821 3413 891 3472 at
914 3400 1097 3474 bona
1110 3395 1332 3473 diuina
1345 3415 1416 3472 et
1441 3404 1662 3489 animi,
1688 3427 1859 3502 quae
1887 3427 2026 3475 non
2053 3402 2325 3477 subin&
2353 3405 2686 3478 suntocu-

583 3500 700 3588 lis,
730 3502 912 3574 nulla
941 3504 1163 3601 specie
1189 3499 1472 3575 sensibus
1504 3503 2099 3590 commendantur,
2144 3532 2216 3579 ea
2239 3531 2402 3578 vero
2430 3505 2683 3594 videre,

632 3626 714 3674 ro
743 3601 936 3674 bonis
962 3602 1265 3703 probare,
1294 3602 1618 3692 admirari,
1646 3622 1976 3703 expetere,
2017 3610 2370 3680 contemtis
2399 3609 2685 3703 vulgari·

582 3627 713 3773 bus
739 3701 1191 3779 admirationis
1216 3708 1549 3779 humanae
1576 3706 1906 3792 ludibriis,
1953 3709 2091 3781 hoc
2119 3736 2311 3810 apua,
2329 3713 2462 3783 hic
2492 3711 2692 3784 labor-

587 3798 698 3874 est.
790 3802 921 3875 Sed
954 3804 1303 3881 reaiffime
1329 3812 1421 3881 ita
1451 3808 1712 3909 semper
1738 3807 1833 3880 est
1858 3809 2216 3885 iudicatum
2241 3839 2279 3883 a
2304 3809 2686 3885 dofflffimis
2739 3831 2748 3840 ·

584 3901 991 3990 hominibus,
1017 3922 1163 3980 tum
1190 3905 1319 3981 ess'e
1359 3910 1743 4008 sapientiam
1776 3913 2121 3986 maximam
2151 3930 2222 3985 et
2261 3911 2684 4013 splendidissi-

582 4028 763 4078 mam
780 4057 800 4089 ‚
827 4030 985 4079 cum
1012 4005 1093 4079 ad
1119 4008 1305 4081 hunc
1332 4010 1612 4104 gradum
1641 4012 2080 4108 peruenisset,
2117 4039 2274 4087 cum
2302 4043 2530 4088 rerum
2560 4016 2696 4089 hu·-

582 4128 926 4183 manarum
948 4108 1371 4209 splendorem
1399 4111 1592 4184 nihili
1619 4110 1894 4202 ducere,
1932 4139 2160 4191 renun
2188 4116 2586 4193 diuinarum.
2609 4136 2686 4194 et

2395 4219 2685 4295 inuifibi-
