2949 5023
406 415 510 461 11·
563 411 946 460 sautum!
1002 410 1179 460 ADV·
1235 413 1705 461 avalu‘ruln
1755 416 2093 466 LIBELLO
2201 414 2349 488 509

258 577 336 646 ln
384 597 512 670 qua
563 572 770 665 longa
830 569 1315 649 declamatione
1372 573 1601 661 multis
1659 574 1876 649 modis
1931 574 2163 672 prodit
2216 579 2356 649 ani·
2452 648 2455 651 .

256 701 484 750 mum:
563 690 633 745 vt
669 677 744 747 in
790 674 926 749 his:
988 677 1133 772 eligi
1166 674 1410 748 debere
1441 686 1892 770 paupertatem
1932 678 2019 748 ab
2057 678 2193 761 his,
2238 683 2356 775 qui

257 775 576 851 monachi
619 773 811 859 fiant,
883 801 1003 851 non
1038 778 1376 875 sustineri:
1459 780 1735 851 mollem
1767 804 1927 859 vero
1960 798 2040 850 et
2086 780 2355 851 facilem
2451 777 2461 785 ”

259 892 727 977 paupertatem
753 931 769 960 ,
820 903 992 975 quae
1035 880 1314 950 nomine
1356 894 1557 951 tenus
1598 878 2010 979 suscipiatur,
2064 907 2203 954 non
2248 886 2356 958 re!

257 977 308 1053 fi
353 999 574 1051 tamen
631 977 1016 1060 sustineant,
1094 980 1462 1053 deuotione
1518 982 1815 1059 tolerare,
1859 981 2139 1068 debere,
2176 1058 2179 1061 ,
2213 1008 2358 1057 non

258 1080 686 1155 damnatione
729 1085 898 1177 pati:
950 1082 1102 1178 plus
1147 1087 1344 1154 etiarn
1393 1080 1636 1155 debere
1663 1084 2007 1157 monachis
2049 1086 2359 1183 relinqui,
2394 1150 2421 1163 ..

155 1190 172 1209 “
258 1208 458 1280 quam
501 1186 740 1254 ceteris
782 1181 1032 1268 liberis,
1119 1206 1192 1257 vt
1230 1183 1624 1257 facultatum
1681 1184 1929 1281 aliquid
1970 1185 2358 1286 saltemper

257 1284 431 1362 filios
489 1284 572 1354 ad
611 1291 830 1357 Deum
883 1287 1131 1355 veniat:
1224 1287 1310 1359 in‘
1351 1289 1747 1383 vste-rerum
1802 1286 2042 1359 habere
2083 1314 2200 1360 eos
2243 1292 2358 1361 ali·
2424 1280 2433 1283 ’

258 1415 445 1487 quam
488 1399 740 1463 tantm.
759 1390 1105 1483 :imaginem
1147 1411 1394 1479 opum:‚.
1439 1386 1866 1482 confiientiam
1909 1416 2030 1465 non
2082 1394 2355 1464 habere:
2440 1434 2447 1443 ,

257 1507 329 1567 nt
357 1489 582 1563 multis
610 1487 752 1559 aliis
790 1485 1123 1561 similibus·

277 1737 284 1744 ,
409 1694 483 1760 In
526 1686 700 1759 libro
731 1704 1029 1784 quarto,
1074 1689 1357 1783 repetita
1400 1691 1752 1776 sententia,
1792 1690 1956 1763 ‚aliis
2000 1715 2207 1787 porro
2251 1691 2360 1764 de·
2423 1742 2438 1755 -

260 1789 668 1871 fenfionibus
714 1812 1070 1861 occurrere
1121 1804 1402 1865 conatur
1444 1817 1743 1876 eorum,;
1769 1796 1879 1886 qui
1911 1790 2123 1871 reae„
2147 1794 2208 1863 se
2237 1819 2358 1891 pu-

205 1893 212 1900 ’
262 1910 426 1964 tent·
453 1890 639 1991 poll'e
678 1892 785 1963 sua
836 1890 962 1962 suis
1011 1891 1416 1987 relinquere:
1468 1913 1538 1965 vt
1583 1918 1736 1964 cum
1766 1893 2005 1975 dicant,
2049 1895 2112 1964 se
2154 1894 2223 1966 id
2262 1896 2358 1966 fa-

262 2019 418 2067 cere
463 2020 599 2064 non
649 2010 1036 2090 propterea,
1120 1994 1301 2089 quod
1358 2019 1473 2064 eos
1517 1997 1667 2092 plus
1715 2013 1945 2068 ament
1987 2000 2173 2075 Deo,
2238 2010 2359 2067 aue

258 2103 481 2168 Deum
533 2095 734 2166 vilem
776 2111 1050 2191 putent,
1129 2094 1235 2164 sed
1281 2094 1460 2191 quod
1504 2112 1731 2168 ament
1781 2097 1948 2170 suos,
2081 2097 2153 2168 ld
2195 2120 2359 2166 vero

256 2197 497 2295 ipsum,
540 2200 661 2280 ait,
704 2200 1020 2267 incuriam
1057 2197 1181 2266 Dei
1220 2213 1289 2269 et
1317 2214 1737 2269 contemtum
1778 2224 2070 2292 arguere.
2171 2205 2359 2269 Nam

260 2298 309 2372 fi
367 2298 500 2370 hoc
552 2295 659 2380 fit,
708 2291 954 2367 ‘amare
1006 2300 1156 2369 suos
1201 2315 1270 2368 et
1312 2299 1577 2371 honore
1622 2296 1916 2387 afficere,
2018 2297 2063 2369 si
2116 2300 2193 2369 iis
2241 2316 2359 2371 tua

259 2401 631 2497 relinquas-3
685 2402 963 2497 planum
1007 2396 1152 2486 effe,
1201 2423 1337 2472 non
1365 2404 1565 2472 amari
1597 2400 1703 2472 sed
1730 2406 2081 2473 contemni
2113 2406 2371 2482 Deum,
2424 2446 2429 2449 -

259 2500 312 2575 si
352 2504 415 2573 ei
470 2526 608 2572 non
666 2502 1035 2600 relinquas,
1117 2503 1310 2598 eique
1366 2502 1678 2601 praeferri
1715 2505 1782 2575 in
1841 2529 2070 2575 amore
2124 2517 2195 2574 et
2233 2501 2359 2573 ho·

261 2612 430 2676 nore
474 2604 806 2681 homines.
847 2644 951 2657 -
997 2606 1185 2675 Deus
1232 2603 1688 2677 munificentia
1745 2607 2036 2677 hominis
2080 2627 2219 2675 non
2263 2605 2366 2672 in-

265 2708 467 2800 diget.
520 2745 623 2758 ·-
677 2697 898 2776 lmine
925 2722 1115 2797 eget,
1164 2703 1271 2774 sed
1314 2708 1381 2775 in
1426 2706 1847 2802 pauperibus,
1893 2711 1964 2779 in
2006 2704 2152 2777 suis.
2250 2709 2357 2775 In-

265 2809 349 2886 de
392 2804 718 2878 delabitur
761 2807 840 2877 ad
885 2831 1063 2890 earn,
1139 2831 1342 2903 quam
1397 2805 1582 2900 supra
1634 2805 2104 2889 iudicauimus,
2168 2829 2362 2877 accu-

261 2910 586 3008 sationem
626 2908 1111 3000 religiosorum,
1162 2931 1333 3003 quae
1362 2905 1444 2976 ad
1481 2905 1682 2980 finem
1715 2908 1915 3007 vsque
1945 2912 2166 3007 operis
2195 2931 2357 2986 con-

257 3012 573 3082 tinuatur.

406 3215 557 3285 Hac
597 3236 636 3281 e
694 3208 943 3280 summa
996 3205 1395 3280 arbitramur
1449 3208 1602 3282 satis
1645 3211 1962 3304 intelligi,
2033 3237 2170 3309 quo
2212 3238 2360 3309 pero

259 3318 469 3388 tineat
536 3310 878 3384 confilium
939 3313 1161 3407 operia
1220 3317 1466 3398 totius,
1550 3328 1621 3383 et
1689 3312 1806 3384 sub
1865 3315 2145 3388 nomine
2210 3316 2359 3394 Dei,

263 3413 537 3500 Christi,
583 3434 984 3513 pauperum,
1037 3413 1238 3483 latere
1294 3414 1629 3487 auaritiam
1684 3415 1893 3495 illam,
1964 3412 2047 3483 de
2091 3438 2223 3511 qua
2261 3412 2359 3485 di-

262 3522 508 3596 ximus,
588 3538 758 3612 quae
810 3536 975 3609 opes
1019 3510 1320 3615 Ecclesiis
1366 3530 1580 3613 petat,
1672 3514 1752 3585 ad
1800 3517 2201 3608 potentiam,
2276 3511 2359 3586 ad

264 3615 825 3710 magnificentiam
884 3610 1481 3702 substruGionum,
1585 3609 2138 3713 splendoremque
2190 3633 2358 3688 tem·

177 3727 186 3730 ’
261 3720 535 3817 plorum
597 3733 666 3787 et
723 3711 1274 3788 monasteriorum
1337 3717 1687 3801 inutilem3
1801 3716 1884 3786 de
1949 3741 2086 3812 quo
2157 3723 2362 3799 etiam

263 3816 463 3891 sanffi
505 3820 692 3916 saepe
732 3821 889 3900 viri,
940 3818 1006 3886 in
1039 3820 1140 3888 his
1174 3819 1588 3892 Bernhardus
1642 3869 1659 3898 ,
1721 3819 1786 3887 in
1839 3818 2005 3890 clara
2037 3817 2118 3889 ad
2144 3821 2359 3898 Guili·

264 3926 486 3994 almum
516 3925 577 3990 S.
607 3916 1012 3989 Theoderici
1039 3917 1365 3990 Abbatem
1395 3917 1703 4017 Epistola,
1728 3917 1936 4018 questi
1968 3920 2134 3993 sunt.
2228 3917 2359 3990 Sed

263 4023 431 4095 haec
464 4019 545 4093 de
573 4042 679 4103 eo,
730 4020 907 4114 quod
938 4019 1432 4117 proposuimuS,
1482 4016 1651 4093 dista
1682 4020 1848 4094 sunt.
2195 4121 2259 4192 G

2266 4147 2358 4193 ra·
