<?xml version="1.0" encoding="UTF-8"?>
<!DOCTYPE html PUBLIC "-//W3C//DTD XHTML 1.0 Transitional//EN"
    "http://www.w3.org/TR/xhtml1/DTD/xhtml1-transitional.dtd">
<html xmlns="http://www.w3.org/1999/xhtml" xml:lang="en" lang="en">
 <head>
  <title>
</title>
<meta http-equiv="Content-Type" content="text/html;charset=utf-8" />
  <meta name='ocr-system' content='tesseract 3.04.00' />
  <meta name='ocr-capabilities' content='ocr_page ocr_carea ocr_par ocr_line ocrx_word'/>
</head>
<body>
  <div class='ocr_page' id='page_1' title='image "./ioaugernestiopu00ernegoog_0118.png"; bbox 0 0 2949 5023; ppageno 0'>
   <div class='ocr_carea' id='block_1_1' title="bbox 479 334 1782 417">
    <p class='ocr_par' dir='ltr' id='par_1_1' title="bbox 479 334 1782 417">
     <span class='ocr_line' id='line_1_1' title="bbox 479 334 1782 417; baseline -0.002 0"><span class='ocrx_word' id='word_1_1' title='bbox 479 361 617 417; x_wconf 72' lang='lat'>102</span> <span class='ocrx_word' id='word_1_2' title='bbox 1070 334 1782 416; x_wconf 49' lang='lat' dir='ltr'>2&#39;·s³&#39;.·‘.an·r1</span> 
     </span>
    </p>
   </div>
   <div class='ocr_carea' id='block_1_2' title="bbox 414 513 2682 4079">
    <p class='ocr_par' dir='ltr' id='par_1_2' title="bbox 480 513 2597 704">
     <span class='ocr_line' id='line_1_2' title="bbox 480 513 2597 629; baseline 0 -26"><span class='ocrx_word' id='word_1_3' title='bbox 480 526 846 606; x_wconf 67' lang='lat' dir='ltr'>securitatis</span> <span class='ocrx_word' id='word_1_4' title='bbox 888 513 1264 629; x_wconf 73' lang='lat' dir='ltr'>improbae,</span> <span class='ocrx_word' id='word_1_5' title='bbox 1338 540 1411 600; x_wconf 89' lang='lat' dir='ltr'>et</span> <span class='ocrx_word' id='word_1_6' title='bbox 1454 528 1768 601; x_wconf 70' lang='lat' dir='ltr'>licentiae</span> <span class='ocrx_word' id='word_1_7' title='bbox 1814 527 2133 628; x_wconf 83' lang='lat' dir='ltr'>peccandi</span> <span class='ocrx_word' id='word_1_8' title='bbox 2183 529 2467 603; x_wconf 78' lang='lat' dir='ltr'>matrem</span> <span class='ocrx_word' id='word_1_9' title='bbox 2516 556 2597 603; x_wconf 83' lang='lat' dir='ltr'>ac</span> 
     </span>
     <span class='ocr_line' id='line_1_3' title="bbox 481 634 1656 723; baseline -0.006 -19"><span class='ocrx_word' id='word_1_10' title='bbox 481 647 661 704; x_wconf 72' lang='lat' dir='ltr'>nuti·</span> <span class='ocrx_word' id='word_1_11' title='bbox 673 657 833 701; x_wconf 82' lang='lat' dir='ltr'>cem.</span> <span class='ocrx_word' id='word_1_12' title='bbox 886 634 1348 723; x_wconf 82' lang='lat' dir='ltr'>cognouerat?</span> <span class='ocrx_word' id='word_1_13' title='bbox 1649 650 1656 672; x_wconf 85' lang='grc'><em>·</em></span> 
     </span>
    </p>

    <p class='ocr_par' dir='ltr' id='par_1_3' title="bbox 491 728 2682 2439">
     <span class='ocr_line' id='line_1_4' title="bbox 634 728 2599 831; baseline -0.001 -26"><span class='ocrx_word' id='word_1_14' title='bbox 634 738 940 831; x_wconf 84' lang='lat' dir='ltr'>Aequior</span> <span class='ocrx_word' id='word_1_15' title='bbox 965 734 1159 804; x_wconf 78' lang='lat' dir='ltr'>nobis</span> <span class='ocrx_word' id='word_1_16' title='bbox 1188 731 1328 803; x_wconf 84' lang='lat' dir='ltr'>est</span> <span class='ocrx_word' id='word_1_17' title='bbox 1306 757 1383 805; x_wconf 85' lang='grc' dir='ltr'>ιιι</span> <span class='ocrx_word' id='word_1_18' title='bbox 1415 728 1880 804; x_wconf 72' lang='lat' dir='ltr'>controuersia</span> <span class='ocrx_word' id='word_1_19' title='bbox 1899 751 2012 820; x_wconf 78' lang='lat' dir='ltr'>ea,</span> <span class='ocrx_word' id='word_1_20' title='bbox 2081 755 2250 828; x_wconf 87' lang='lat' dir='ltr'>quae</span> <span class='ocrx_word' id='word_1_21' title='bbox 2295 733 2599 829; x_wconf 81' lang='lat' dir='ltr'>pertinet</span> 
     </span>
     <span class='ocr_line' id='line_1_5' title="bbox 492 789 2604 932; baseline 0.001 -26"><span class='ocrx_word' id='word_1_22' title='bbox 492 833 571 906; x_wconf 80' lang='lat' dir='ltr'>ad</span> <span class='ocrx_word' id='word_1_23' title='bbox 602 860 818 928; x_wconf 80' lang='lat' dir='ltr'>genus</span> <span class='ocrx_word' id='word_1_24' title='bbox 866 836 1163 926; x_wconf 80' lang='lat' dir='ltr'>linguae</span> <span class='ocrx_word' id='word_1_25' title='bbox 1226 831 1411 932; x_wconf 83' lang='lat' dir='ltr'>quod</span> <span class='ocrx_word' id='word_1_26' title='bbox 1456 839 1526 903; x_wconf 85' lang='lat' dir='ltr'>in</span> <span class='ocrx_word' id='word_1_27' title='bbox 1557 837 1863 926; x_wconf 82' lang='lat' dir='ltr'>Liturgia</span> <span class='ocrx_word' id='word_1_28' title='bbox 1906 789 2277 904; x_wconf 77' lang='lat' dir='ltr'>adhibetur.</span> <span class='ocrx_word' id='word_1_29' title='bbox 2422 839 2604 908; x_wconf 86' lang='lat' dir='ltr'>Non</span> 
     </span>
     <span class='ocr_line' id='line_1_6' title="bbox 491 933 2605 1035; baseline 0 -29"><span class='ocrx_word' id='word_1_30' title='bbox 491 935 835 1035; x_wconf 76' lang='lat' dir='ltr'>improbat</span> <span class='ocrx_word' id='word_1_31' title='bbox 872 934 1262 1006; x_wconf 83' lang='lat' dir='ltr'>vernaculae</span> <span class='ocrx_word' id='word_1_32' title='bbox 1289 935 1507 1017; x_wconf 78' lang='lat' dir='ltr'>vfum,</span> <span class='ocrx_word' id='word_1_33' title='bbox 1568 959 1695 1005; x_wconf 85' lang='lat' dir='ltr'>nec</span> <span class='ocrx_word' id='word_1_34' title='bbox 1723 938 2042 1020; x_wconf 84' lang='lat' dir='ltr'>rationes,</span> <span class='ocrx_word' id='word_1_35' title='bbox 2083 934 2324 1030; x_wconf 81' lang='lat' dir='ltr'>quibus</span> <span class='ocrx_word' id='word_1_36' title='bbox 2354 933 2605 1007; x_wconf 72' lang='lat' dir='ltr'>induffl</span> 
     </span>
     <span class='ocr_line' id='line_1_7' title="bbox 495 1032 2610 1134; baseline -0.001 -24"><span class='ocrx_word' id='word_1_37' title='bbox 495 1041 805 1110; x_wconf 72' lang='lat' dir='ltr'>maiores</span> <span class='ocrx_word' id='word_1_38' title='bbox 800 1032 1020 1108; x_wconf 81' lang='lat' dir='ltr'>nostri</span> <span class='ocrx_word' id='word_1_39' title='bbox 1062 1062 1210 1107; x_wconf 85' lang='lat' dir='ltr'>eam</span> <span class='ocrx_word' id='word_1_40' title='bbox 1272 1041 1338 1110; x_wconf 85' lang='lat' dir='ltr'>in</span> <span class='ocrx_word' id='word_1_41' title='bbox 1380 1038 1751 1127; x_wconf 85' lang='lat' dir='ltr'>Liturgiam</span> <span class='ocrx_word' id='word_1_42' title='bbox 1817 1038 2223 1134; x_wconf 73' lang='lat' dir='ltr'>recepeiint.</span> <span class='ocrx_word' id='word_1_43' title='bbox 2299 1034 2405 1106; x_wconf 85' lang='lat' dir='ltr'>sed</span> <span class='ocrx_word' id='word_1_44' title='bbox 2448 1062 2610 1107; x_wconf 78' lang='lat' dir='ltr'>eum</span> 
     </span>
     <span class='ocr_line' id='line_1_8' title="bbox 497 1131 2612 1234; baseline -0.003 -21"><span class='ocrx_word' id='word_1_45' title='bbox 497 1139 774 1214; x_wconf 76' lang='lat' dir='ltr'>iudicii</span> <span class='ocrx_word' id='word_1_46' title='bbox 762 1162 1035 1234; x_wconf 74' lang='lat' dir='ltr'>inopem</span> <span class='ocrx_word' id='word_1_47' title='bbox 1081 1131 1357 1223; x_wconf 84' lang='lat' dir='ltr'>iudicat,</span> <span class='ocrx_word' id='word_1_48' title='bbox 1422 1140 1535 1233; x_wconf 89' lang='lat' dir='ltr'>qui</span> <span class='ocrx_word' id='word_1_49' title='bbox 1574 1144 1641 1207; x_wconf 88' lang='lat' dir='ltr'>in</span> <span class='ocrx_word' id='word_1_50' title='bbox 1687 1136 2233 1210; x_wconf 82' lang='lat' dir='ltr'>consuetudinem</span> <span class='ocrx_word' id='word_1_51' title='bbox 2267 1142 2612 1209; x_wconf 77' lang='lat' dir='ltr'>Romanae</span> 
     </span>
     <span class='ocr_line' id='line_1_9' title="bbox 502 1234 2607 1336; baseline -0.001 -24"><span class='ocrx_word' id='word_1_52' title='bbox 502 1234 835 1312; x_wconf 73' lang='lat' dir='ltr'>Ecclesiae</span> <span class='ocrx_word' id='word_1_53' title='bbox 859 1239 1259 1328; x_wconf 85' lang='lat' dir='ltr'>inuehatur‚</span> <span class='ocrx_word' id='word_1_54' title='bbox 1306 1240 1617 1311; x_wconf 81' lang='lat' dir='ltr'>seruantis</span> <span class='ocrx_word' id='word_1_55' title='bbox 1642 1240 1937 1330; x_wconf 76' lang='lat' dir='ltr'>linguam</span> <span class='ocrx_word' id='word_1_56' title='bbox 1965 1255 2278 1311; x_wconf 85' lang='lat' dir='ltr'>veterem.</span> <span class='ocrx_word' id='word_1_57' title='bbox 2360 1247 2439 1312; x_wconf 87' lang='lat' dir='ltr'>In</span> <span class='ocrx_word' id='word_1_58' title='bbox 2470 1255 2607 1336; x_wconf 82' lang='lat' dir='ltr'>quo</span> 
     </span>
     <span class='ocr_line' id='line_1_10' title="bbox 504 1337 2612 1427; baseline 0.002 -19"><span class='ocrx_word' id='word_1_59' title='bbox 504 1338 917 1415; x_wconf 83' lang='lat' dir='ltr'>mirabilibus</span> <span class='ocrx_word' id='word_1_60' title='bbox 938 1340 1304 1412; x_wconf 85' lang='lat' dir='ltr'>rationibus</span> <span class='ocrx_word' id='word_1_61' title='bbox 1341 1343 1568 1412; x_wconf 85' lang='lat' dir='ltr'>vtitur.</span> <span class='ocrx_word' id='word_1_62' title='bbox 1723 1337 2167 1423; x_wconf 84' lang='lat' dir='ltr'>Maiestatem,</span> <span class='ocrx_word' id='word_1_63' title='bbox 2211 1344 2338 1427; x_wconf 90' lang='lat' dir='ltr'>ait,</span> <span class='ocrx_word' id='word_1_64' title='bbox 2385 1343 2612 1412; x_wconf 78' lang='lat' dir='ltr'>conci·</span> 
     </span>
     <span class='ocr_line' id='line_1_11' title="bbox 506 1439 2617 1537; baseline -0.001 -22"><span class='ocrx_word' id='word_1_65' title='bbox 506 1443 655 1515; x_wconf 86' lang='lat' dir='ltr'>liari</span> <span class='ocrx_word' id='word_1_66' title='bbox 684 1440 935 1513; x_wconf 69' lang='lat' dir='ltr'>saci-isa</span> <span class='ocrx_word' id='word_1_67' title='bbox 970 1441 1164 1513; x_wconf 84' lang='lat' dir='ltr'>latina</span> <span class='ocrx_word' id='word_1_68' title='bbox 1195 1443 1456 1537; x_wconf 85' lang='lat' dir='ltr'>lingua,</span> <span class='ocrx_word' id='word_1_69' title='bbox 1507 1444 1576 1512; x_wconf 91' lang='lat' dir='ltr'>in</span> <span class='ocrx_word' id='word_1_70' title='bbox 1604 1465 1738 1536; x_wconf 84' lang='lat' dir='ltr'>qua</span> <span class='ocrx_word' id='word_1_71' title='bbox 1770 1439 2061 1514; x_wconf 80' lang='lat' dir='ltr'>instituta</span> <span class='ocrx_word' id='word_1_72' title='bbox 2084 1443 2347 1514; x_wconf 83' lang='lat' dir='ltr'>fuerint.</span> <span class='ocrx_word' id='word_1_73' title='bbox 2421 1447 2617 1514; x_wconf 81' lang='lat' dir='ltr'>Prae-</span> 
     </span>
     <span class='ocr_line' id='line_1_12' title="bbox 514 1540 2682 1640; baseline 0.001 -24"><span class='ocrx_word' id='word_1_74' title='bbox 514 1542 757 1616; x_wconf 78' lang='lat' dir='ltr'>claram</span> <span class='ocrx_word' id='word_1_75' title='bbox 791 1540 1230 1628; x_wconf 86' lang='lat' dir='ltr'>maiestatem,</span> <span class='ocrx_word' id='word_1_76' title='bbox 1296 1570 1463 1640; x_wconf 85' lang='lat' dir='ltr'>quae</span> <span class='ocrx_word' id='word_1_77' title='bbox 1505 1541 1598 1613; x_wconf 86' lang='lat' dir='ltr'>est</span> <span class='ocrx_word' id='word_1_78' title='bbox 1639 1542 1770 1614; x_wconf 77' lang='lat' dir='ltr'>{ine</span> <span class='ocrx_word' id='word_1_79' title='bbox 1813 1542 2004 1618; x_wconf 85' lang='lat' dir='ltr'>sensu</span> <span class='ocrx_word' id='word_1_80' title='bbox 2038 1559 2106 1613; x_wconf 85' lang='lat' dir='ltr'>et</span> <span class='ocrx_word' id='word_1_81' title='bbox 2146 1543 2623 1637; x_wconf 73' lang='lat' dir='ltr'>intelligentia!</span> <span class='ocrx_word' id='word_1_82' title='bbox 2676 1611 2682 1618; x_wconf 82' lang='grc'><strong>.</strong></span> 
     </span>
     <span class='ocr_line' id='line_1_13' title="bbox 513 1642 2621 1743; baseline 0 -27"><span class='ocrx_word' id='word_1_83' title='bbox 513 1649 674 1716; x_wconf 85' lang='lat' dir='ltr'>Hac</span> <span class='ocrx_word' id='word_1_84' title='bbox 704 1651 920 1717; x_wconf 84' lang='lat' dir='ltr'>Deum</span> <span class='ocrx_word' id='word_1_85' title='bbox 953 1642 1261 1718; x_wconf 72' lang='lat' dir='ltr'>delestari</span> <span class='ocrx_word' id='word_1_86' title='bbox 1287 1644 1606 1718; x_wconf 85' lang='lat' dir='ltr'>credibile</span> <span class='ocrx_word' id='word_1_87' title='bbox 1635 1643 1768 1729; x_wconf 87' lang='lat' dir='ltr'>est,·</span> <span class='ocrx_word' id='word_1_88' title='bbox 1817 1648 1935 1743; x_wconf 88' lang='lat' dir='ltr'>qui</span> <span class='ocrx_word' id='word_1_89' title='bbox 1963 1645 2136 1716; x_wconf 81' lang='lat' dir='ltr'>solos</span> <span class='ocrx_word' id='word_1_90' title='bbox 2160 1646 2361 1716; x_wconf 86' lang='lat' dir='ltr'>animi</span> <span class='ocrx_word' id='word_1_91' title='bbox 2392 1663 2621 1717; x_wconf 79' lang='lat' dir='ltr'>motus</span> 
     </span>
     <span class='ocr_line' id='line_1_14' title="bbox 518 1742 2621 1844; baseline -0.001 -24"><span class='ocrx_word' id='word_1_92' title='bbox 518 1744 604 1820; x_wconf 78' lang='lat' dir='ltr'>ab</span> <span class='ocrx_word' id='word_1_93' title='bbox 628 1748 808 1819; x_wconf 86' lang='lat' dir='ltr'>bene</span> <span class='ocrx_word' id='word_1_94' title='bbox 848 1745 1204 1821; x_wconf 73' lang='lat' dir='ltr'>intellestis</span> <span class='ocrx_word' id='word_1_95' title='bbox 1241 1748 1443 1821; x_wconf 80' lang='lat' dir='ltr'>rebus</span> <span class='ocrx_word' id='word_1_96' title='bbox 1495 1745 1738 1820; x_wconf 78' lang='lat' dir='ltr'>diuinis</span> <span class='ocrx_word' id='word_1_97' title='bbox 1782 1763 1974 1818; x_wconf 76' lang='lat' dir='ltr'>natos</span> <span class='ocrx_word' id='word_1_98' title='bbox 2017 1742 2306 1844; x_wconf 72' lang='lat' dir='ltr'>spestat&#39;?</span> <span class='ocrx_word' id='word_1_99' title='bbox 2404 1751 2621 1818; x_wconf 85' lang='lat' dir='ltr'>Immo</span> 
     </span>
     <span class='ocr_line' id='line_1_15' title="bbox 521 1845 2625 1940; baseline -0.001 -19"><span class='ocrx_word' id='word_1_100' title='bbox 521 1851 712 1921; x_wconf 86' lang='lat' dir='ltr'>nulla</span> <span class='ocrx_word' id='word_1_101' title='bbox 748 1848 938 1919; x_wconf 77' lang='lat' dir='ltr'>sacris</span> <span class='ocrx_word' id='word_1_102' title='bbox 983 1846 1277 1921; x_wconf 84' lang='lat' dir='ltr'>maiestas</span> <span class='ocrx_word' id='word_1_103' title='bbox 1331 1846 1423 1919; x_wconf 87' lang='lat' dir='ltr'>est</span> <span class='ocrx_word' id='word_1_104' title='bbox 1452 1874 1607 1920; x_wconf 87' lang='lat' dir='ltr'>vera</span> <span class='ocrx_word' id='word_1_105' title='bbox 1636 1864 1705 1920; x_wconf 86' lang='lat' dir='ltr'>et</span> <span class='ocrx_word' id='word_1_106' title='bbox 1732 1854 1884 1920; x_wconf 89' lang='lat' dir='ltr'>Deo</span> <span class='ocrx_word' id='word_1_107' title='bbox 1930 1847 2162 1940; x_wconf 82' lang='lat' dir='ltr'>digna,</span> <span class='ocrx_word' id='word_1_108' title='bbox 2229 1845 2343 1918; x_wconf 75' lang='lat' dir='ltr'>nisi</span> <span class='ocrx_word' id='word_1_109' title='bbox 2379 1876 2418 1918; x_wconf 88' lang='lat' dir='ltr'>e</span> <span class='ocrx_word' id='word_1_110' title='bbox 2461 1849 2625 1919; x_wconf 86' lang='lat' dir='ltr'>diui·</span> 
     </span>
     <span class='ocr_line' id='line_1_16' title="bbox 522 1945 2627 2040; baseline -0.002 -17"><span class='ocrx_word' id='word_1_111' title='bbox 522 1974 653 2023; x_wconf 80' lang='lat' dir='ltr'>nae</span> <span class='ocrx_word' id='word_1_112' title='bbox 696 1945 1046 2021; x_wconf 87' lang='lat' dir='ltr'>maiestatis</span> <span class='ocrx_word' id='word_1_113' title='bbox 1096 1966 1166 2023; x_wconf 88' lang='lat' dir='ltr'>et</span> <span class='ocrx_word' id='word_1_114' title='bbox 1206 1948 1691 2023; x_wconf 77' lang='lat' dir='ltr'>beneficiorum</span> <span class='ocrx_word' id='word_1_115' title='bbox 1741 1950 2123 2021; x_wconf 84' lang='lat' dir='ltr'>diuinorum</span> <span class='ocrx_word' id='word_1_116' title='bbox 2167 1948 2627 2040; x_wconf 85' lang='lat' dir='ltr'>magnitudine</span> 
     </span>
     <span class='ocr_line' id='line_1_17' title="bbox 522 2048 2632 2149; baseline -0.002 -24"><span class='ocrx_word' id='word_1_117' title='bbox 522 2048 862 2125; x_wconf 58' lang='lat' dir='ltr'>intellegis</span> <span class='ocrx_word' id='word_1_118' title='bbox 892 2065 963 2121; x_wconf 86' lang='lat' dir='ltr'>et</span> <span class='ocrx_word' id='word_1_119' title='bbox 996 2052 1194 2149; x_wconf 86' lang='lat' dir='ltr'>plane</span> <span class='ocrx_word' id='word_1_120' title='bbox 1220 2053 1517 2145; x_wconf 84' lang='lat' dir='ltr'>cognita,</span> <span class='ocrx_word' id='word_1_121' title='bbox 1567 2075 2027 2148; x_wconf 85' lang='lat' dir='ltr'>quaecumque</span> <span class='ocrx_word' id='word_1_122' title='bbox 2052 2050 2194 2120; x_wconf 85' lang='lat' dir='ltr'>aliis</span> <span class='ocrx_word' id='word_1_123' title='bbox 2223 2050 2417 2120; x_wconf 86' lang='lat' dir='ltr'>rebus</span> <span class='ocrx_word' id='word_1_124' title='bbox 2450 2049 2632 2121; x_wconf 77' lang='lat' dir='ltr'>sensi·</span> 
     </span>
     <span class='ocr_line' id='line_1_18' title="bbox 526 2148 2632 2252; baseline -0.002 -26"><span class='ocrx_word' id='word_1_125' title='bbox 526 2150 769 2226; x_wconf 83' lang='lat' dir='ltr'>bilibus</span> <span class='ocrx_word' id='word_1_126' title='bbox 794 2169 1142 2241; x_wconf 86' lang='lat' dir='ltr'>mouetur,</span> <span class='ocrx_word' id='word_1_127' title='bbox 1201 2149 1473 2252; x_wconf 82' lang='lat' dir='ltr'>puerilis</span> <span class='ocrx_word' id='word_1_128' title='bbox 1504 2148 1631 2241; x_wconf 87' lang='lat' dir='ltr'>est,</span> <span class='ocrx_word' id='word_1_129' title='bbox 1690 2167 1759 2222; x_wconf 86' lang='lat' dir='ltr'>et</span> <span class='ocrx_word' id='word_1_130' title='bbox 1799 2171 1834 2222; x_wconf 84' lang='lat' dir='ltr'>a</span> <span class='ocrx_word' id='word_1_131' title='bbox 1873 2148 2210 2222; x_wconf 71' lang='lat' dir='ltr'>sanHtitate</span> <span class='ocrx_word' id='word_1_132' title='bbox 2241 2149 2632 2223; x_wconf 86' lang='lat' dir='ltr'>Christiano·</span> 
     </span>
     <span class='ocr_line' id='line_1_19' title="bbox 528 2250 2633 2353; baseline -0.002 -25"><span class='ocrx_word' id='word_1_133' title='bbox 528 2280 687 2328; x_wconf 79' lang='lat' dir='ltr'>rum</span> <span class='ocrx_word' id='word_1_134' title='bbox 722 2252 1048 2326; x_wconf 83' lang='lat' dir='ltr'>sacrorum</span> <span class='ocrx_word' id='word_1_135' title='bbox 1078 2256 1459 2328; x_wconf 78' lang='lat' dir='ltr'>abhorrens.</span> <span class='ocrx_word' id='word_1_136' title='bbox 1521 2259 1749 2351; x_wconf 88' lang='lat' dir='ltr'>Atque</span> <span class='ocrx_word' id='word_1_137' title='bbox 1778 2256 1979 2325; x_wconf 77' lang='lat' dir='ltr'>etiam</span> <span class='ocrx_word' id='word_1_138' title='bbox 2007 2251 2236 2324; x_wconf 83' lang='lat' dir='ltr'>falsum</span> <span class='ocrx_word' id='word_1_139' title='bbox 2269 2250 2395 2323; x_wconf 81' lang='lat' dir='ltr'>effe</span> <span class='ocrx_word' id='word_1_140' title='bbox 2427 2270 2633 2353; x_wconf 79' lang='lat' dir='ltr'>patet.</span> 
     </span>
     <span class='ocr_line' id='line_1_20' title="bbox 533 2345 2636 2445; baseline -0.001 -19"><span class='ocrx_word' id='word_1_141' title='bbox 533 2358 605 2426; x_wconf 90' lang='lat' dir='ltr'>in</span> <span class='ocrx_word' id='word_1_142' title='bbox 648 2345 870 2445; x_wconf 74' lang='lat' dir='ltr'>lingua</span> <span class='ocrx_word' id='word_1_143' title='bbox 911 2355 1110 2428; x_wconf 87' lang='lat' dir='ltr'>latina</span> <span class='ocrx_word' id='word_1_144' title='bbox 1152 2347 1465 2427; x_wconf 86' lang='lat' dir='ltr'>instituta</span> <span class='ocrx_word' id='word_1_145' title='bbox 1503 2351 1630 2425; x_wconf 78' lang='lat' dir='ltr'>effe</span> <span class='ocrx_word' id='word_1_146' title='bbox 1685 2354 1853 2425; x_wconf 88' lang='lat' dir='ltr'>sacra</span> <span class='ocrx_word' id='word_1_147' title='bbox 1896 2351 2362 2426; x_wconf 84' lang='lat' dir='ltr'>Eucharistica.</span> <span class='ocrx_word' id='word_1_148' title='bbox 2466 2372 2538 2428; x_wconf 88' lang='lat' dir='ltr'>et</span> <span class='ocrx_word' id='word_1_149' title='bbox 2585 2350 2636 2424; x_wconf 82' lang='lat' dir='ltr'><strong>fi</strong></span> 
     </span>
    </p>

    <p class='ocr_par' dir='ltr' id='par_1_4' title="bbox 414 2452 2646 3544">
     <span class='ocr_line' id='line_1_21' title="bbox 534 2452 2638 2555; baseline -0 -25"><span class='ocrx_word' id='word_1_150' title='bbox 534 2453 830 2530; x_wconf 81' lang='lat' dir='ltr'>maiestas</span> <span class='ocrx_word' id='word_1_151' title='bbox 858 2482 1009 2530; x_wconf 83' lang='lat' dir='ltr'>vera</span> <span class='ocrx_word' id='word_1_152' title='bbox 1036 2456 1347 2529; x_wconf 81' lang='lat' dir='ltr'>accedere</span> <span class='ocrx_word' id='word_1_153' title='bbox 1391 2453 1612 2555; x_wconf 86' lang='lat' dir='ltr'>potest</span> <span class='ocrx_word' id='word_1_154' title='bbox 1642 2452 2078 2529; x_wconf 78' lang='lat' dir='ltr'>Eucharistiae</span> <span class='ocrx_word' id='word_1_155' title='bbox 2118 2481 2159 2526; x_wconf 87' lang='lat' dir='ltr'>e</span> <span class='ocrx_word' id='word_1_156' title='bbox 2198 2456 2465 2551; x_wconf 84' lang='lat' dir='ltr'>linguae</span> <span class='ocrx_word' id='word_1_157' title='bbox 2493 2459 2638 2532; x_wconf 76' lang='lat' dir='ltr'>eius</span> 
     </span>
     <span class='ocr_line' id='line_1_22' title="bbox 414 2554 2638 2659; baseline -0 -28"><span class='ocrx_word' id='word_1_158' title='bbox 414 2556 419 2561; x_wconf 70' lang='grc'><em>’</em></span> <span class='ocrx_word' id='word_1_159' title='bbox 537 2561 691 2645; x_wconf 83' lang='lat' dir='ltr'>vsu,</span> <span class='ocrx_word' id='word_1_160' title='bbox 771 2561 841 2631; x_wconf 88' lang='lat' dir='ltr'>in</span> <span class='ocrx_word' id='word_1_161' title='bbox 887 2584 1014 2657; x_wconf 83' lang='lat' dir='ltr'>qua</span> <span class='ocrx_word' id='word_1_162' title='bbox 1055 2555 1345 2630; x_wconf 86' lang='lat' dir='ltr'>instituta</span> <span class='ocrx_word' id='word_1_163' title='bbox 1396 2554 1519 2644; x_wconf 88' lang='lat' dir='ltr'>est,</span> <span class='ocrx_word' id='word_1_164' title='bbox 1597 2560 1870 2657; x_wconf 80' lang='lat' dir='ltr'>Syriaca</span> <span class='ocrx_word' id='word_1_165' title='bbox 1897 2557 2231 2630; x_wconf 84' lang='lat' dir='ltr'>vtendum</span> <span class='ocrx_word' id='word_1_166' title='bbox 2278 2563 2432 2645; x_wconf 88' lang='lat' dir='ltr'>erit,</span> <span class='ocrx_word' id='word_1_167' title='bbox 2507 2583 2638 2659; x_wconf 83' lang='lat' dir='ltr'>qua</span> 
     </span>
     <span class='ocr_line' id='line_1_23' title="bbox 538 2656 2639 2757; baseline -0.002 -22"><span class='ocrx_word' id='word_1_168' title='bbox 538 2658 840 2735; x_wconf 78' lang='lat' dir='ltr'>Christus</span> <span class='ocrx_word' id='word_1_169' title='bbox 873 2689 915 2732; x_wconf 82' lang='grc' dir='ltr'>ι</span> <span class='ocrx_word' id='word_1_170' title='bbox 898 2662 1023 2731; x_wconf 82' lang='lat' dir='ltr'>sus</span> <span class='ocrx_word' id='word_1_171' title='bbox 1053 2656 1179 2746; x_wconf 86' lang='lat' dir='ltr'>est,</span> <span class='ocrx_word' id='word_1_172' title='bbox 1241 2674 1357 2732; x_wconf 88' lang='lat' dir='ltr'>aut</span> <span class='ocrx_word' id='word_1_173' title='bbox 1391 2661 1683 2733; x_wconf 85' lang='lat' dir='ltr'>Graeca.</span> <span class='ocrx_word' id='word_1_174' title='bbox 1763 2665 1833 2732; x_wconf 90' lang='lat' dir='ltr'>in</span> <span class='ocrx_word' id='word_1_175' title='bbox 1851 2684 1991 2757; x_wconf 88' lang='lat' dir='ltr'>qua</span> <span class='ocrx_word' id='word_1_176' title='bbox 2021 2664 2217 2731; x_wconf 84' lang='lat' dir='ltr'>etiam</span> <span class='ocrx_word' id='word_1_177' title='bbox 2251 2665 2516 2733; x_wconf 85' lang='lat' dir='ltr'>Romae</span> <span class='ocrx_word' id='word_1_178' title='bbox 2555 2658 2639 2733; x_wconf 88' lang='lat' dir='ltr'>ab</span> 
     </span>
     <span class='ocr_line' id='line_1_24' title="bbox 540 2758 2640 2856; baseline -0.002 -20"><span class='ocrx_word' id='word_1_179' title='bbox 540 2768 741 2836; x_wconf 80' lang='lat' dir='ltr'>initio</span> <span class='ocrx_word' id='word_1_180' title='bbox 760 2767 815 2830; x_wconf 70' lang='lat' dir='ltr'><strong>E</strong></span> <span class='ocrx_word' id='word_1_181' title='bbox 820 2761 1222 2834; x_wconf 79' lang='lat' dir='ltr'>ncharistiam</span> <span class='ocrx_word' id='word_1_182' title='bbox 1251 2763 1558 2856; x_wconf 82' lang='lat' dir='ltr'>agitatam</span> <span class='ocrx_word' id='word_1_183' title='bbox 1585 2758 1744 2845; x_wconf 81' lang='lat' dir='ltr'>effe,</span> <span class='ocrx_word' id='word_1_184' title='bbox 1778 2782 1932 2833; x_wconf 86' lang='lat' dir='ltr'>cum</span> <span class='ocrx_word' id='word_1_185' title='bbox 1963 2760 2100 2833; x_wconf 85' lang='lat' dir='ltr'>aliis</span> <span class='ocrx_word' id='word_1_186' title='bbox 2132 2761 2328 2833; x_wconf 86' lang='lat' dir='ltr'>rebus</span> <span class='ocrx_word' id='word_1_187' title='bbox 2359 2763 2640 2834; x_wconf 82' lang='lat' dir='ltr'>minimo</span> 
     </span>
     <span class='ocr_line' id='line_1_25' title="bbox 545 2814 2644 2962; baseline -0 -27"><span class='ocrx_word' id='word_1_188' title='bbox 545 2862 760 2935; x_wconf 78' lang='lat' dir='ltr'>dubiis</span> <span class='ocrx_word' id='word_1_189' title='bbox 791 2862 1016 2933; x_wconf 84' lang='lat' dir='ltr'>doceri</span> <span class='ocrx_word' id='word_1_190' title='bbox 1047 2861 1290 2962; x_wconf 79' lang='lat' dir='ltr'>potest,</span> <span class='ocrx_word' id='word_1_191' title='bbox 1333 2879 1514 2947; x_wconf 88' lang='lat' dir='ltr'>tum,</span> <span class='ocrx_word' id='word_1_192' title='bbox 1562 2814 1762 2962; x_wconf 72' lang='lat' dir='ltr'>quoti</span> <span class='ocrx_word' id='word_1_193' title='bbox 1778 2865 2034 2936; x_wconf 82' lang='lat' dir='ltr'>Graece</span> <span class='ocrx_word' id='word_1_194' title='bbox 2066 2860 2476 2948; x_wconf 86' lang='lat' dir='ltr'>Christianis,</span> <span class='ocrx_word' id='word_1_195' title='bbox 2524 2866 2644 2961; x_wconf 89' lang='lat' dir='ltr'>qui</span> 
     </span>
     <span class='ocr_line' id='line_1_26' title="bbox 542 2961 2645 3063; baseline -0.001 -25"><span class='ocrx_word' id='word_1_196' title='bbox 542 2969 797 3038; x_wconf 84' lang='lat' dir='ltr'>Romae</span> <span class='ocrx_word' id='word_1_197' title='bbox 828 2961 1060 3047; x_wconf 82' lang='lat' dir='ltr'>essent,</span> <span class='ocrx_word' id='word_1_198' title='bbox 1121 2990 1259 3035; x_wconf 89' lang='lat' dir='ltr'>non</span> <span class='ocrx_word' id='word_1_199' title='bbox 1281 2968 1492 3036; x_wconf 82' lang='lat' dir='ltr'>latine</span> <span class='ocrx_word' id='word_1_200' title='bbox 1525 2961 1777 3063; x_wconf 71' lang='lat' dir='ltr'>scripsit</span> <span class='ocrx_word' id='word_1_201' title='bbox 1802 2965 2058 3036; x_wconf 76' lang='lat' dir='ltr'>Paulus.</span> <span class='ocrx_word' id='word_1_202' title='bbox 2121 3012 2133 3025; x_wconf 80' lang='lat'><em>‚</em></span> <span class='ocrx_word' id='word_1_203' title='bbox 2203 2974 2296 3037; x_wconf 86' lang='lat' dir='ltr'>At</span> <span class='ocrx_word' id='word_1_204' title='bbox 2338 2962 2645 3037; x_wconf 83' lang='lat' dir='ltr'>versioni</span> 
     </span>
     <span class='ocr_line' id='line_1_27' title="bbox 544 3062 2644 3165; baseline 0 -26"><span class='ocrx_word' id='word_1_205' title='bbox 544 3066 685 3139; x_wconf 80' lang='lat' dir='ltr'>bus</span> <span class='ocrx_word' id='word_1_206' title='bbox 708 3062 1072 3135; x_wconf 80' lang='lat' dir='ltr'>vernaculis</span> <span class='ocrx_word' id='word_1_207' title='bbox 1108 3069 1239 3149; x_wconf 78' lang='lat' dir='ltr'>vti,</span> <span class='ocrx_word' id='word_1_208' title='bbox 1296 3089 1418 3165; x_wconf 85' lang='lat' dir='ltr'>per</span> <span class='ocrx_word' id='word_1_209' title='bbox 1345 3063 1922 3158; x_wconf 83' lang='lat' dir='ltr'>erindulgentiam</span> <span class='ocrx_word' id='word_1_210' title='bbox 1959 3062 2316 3149; x_wconf 77' lang='lat' dir='ltr'>Ecclefiae,</span> <span class='ocrx_word' id='word_1_211' title='bbox 2373 3064 2644 3165; x_wconf 68' lang='lat' dir='ltr'>poss‘unt</span> 
     </span>
     <span class='ocr_line' id='line_1_28' title="bbox 544 3120 2644 3265; baseline 0.001 -25"><span class='ocrx_word' id='word_1_212' title='bbox 544 3169 842 3265; x_wconf 78' lang='lat' dir='ltr'>imperiti</span> <span class='ocrx_word' id='word_1_213' title='bbox 911 3168 1145 3236; x_wconf 86' lang='lat' dir='ltr'>latinae</span> <span class='ocrx_word' id='word_1_214' title='bbox 1200 3120 1487 3258; x_wconf 76' lang='lat' dir='ltr'>linguae.</span> <span class='ocrx_word' id='word_1_215' title='bbox 1632 3166 1889 3237; x_wconf 83' lang='lat' dir='ltr'>Audio:</span> <span class='ocrx_word' id='word_1_216' title='bbox 1964 3164 2073 3236; x_wconf 81' lang='lat' dir='ltr'>sed</span> <span class='ocrx_word' id='word_1_217' title='bbox 2126 3166 2464 3265; x_wconf 87' lang='lat' dir='ltr'>quorsum</span> <span class='ocrx_word' id='word_1_218' title='bbox 2491 3166 2644 3242; x_wconf 75' lang='lat' dir='ltr'>istas</span> 
     </span>
     <span class='ocr_line' id='line_1_29' title="bbox 545 3264 2646 3365; baseline -0.001 -23"><span class='ocrx_word' id='word_1_219' title='bbox 545 3267 909 3360; x_wconf 83' lang='lat' dir='ltr'>ambages?</span> <span class='ocrx_word' id='word_1_220' title='bbox 975 3292 1149 3364; x_wconf 87' lang='lat' dir='ltr'>quae</span> <span class='ocrx_word' id='word_1_221' title='bbox 1191 3286 1259 3339; x_wconf 89' lang='lat' dir='ltr'>et</span> <span class='ocrx_word' id='word_1_222' title='bbox 1302 3266 1478 3364; x_wconf 80' lang='lat' dir='ltr'>ipsae</span> <span class='ocrx_word' id='word_1_223' title='bbox 1515 3264 1764 3340; x_wconf 83' lang='lat' dir='ltr'>habent</span> <span class='ocrx_word' id='word_1_224' title='bbox 1804 3267 2217 3339; x_wconf 84' lang='lat' dir='ltr'>incommodi</span> <span class='ocrx_word' id='word_1_225' title='bbox 2258 3270 2646 3365; x_wconf 86' lang='lat' dir='ltr'>plurimum,</span> 
     </span>
     <span class='ocr_line' id='line_1_30' title="bbox 544 3367 2647 3495; baseline 0.002 -54"><span class='ocrx_word' id='word_1_226' title='bbox 544 3370 936 3472; x_wconf 79' lang='lat' dir='ltr'>praesertim</span> <span class='ocrx_word' id='word_1_227' title='bbox 968 3367 1144 3464; x_wconf 82' lang='lat' dir='ltr'>apud</span> <span class='ocrx_word' id='word_1_228' title='bbox 1174 3367 1472 3468; x_wconf 84' lang='lat' dir='ltr'>plebem,</span> <span class='ocrx_word' id='word_1_229' title='bbox 1505 3393 1671 3467; x_wconf 86' lang='lat' dir='ltr'>quae</span> <span class='ocrx_word' id='word_1_230' title='bbox 1700 3393 2086 3495; x_wconf 79' lang='lat' dir='ltr'>comparare</span> <span class='ocrx_word' id='word_1_231' title='bbox 2111 3371 2308 3442; x_wconf 80' lang='lat' dir='ltr'>latina</span> <span class='ocrx_word' id='word_1_232' title='bbox 2338 3396 2493 3443; x_wconf 86' lang='lat' dir='ltr'>cum</span> <span class='ocrx_word' id='word_1_233' title='bbox 2506 3396 2647 3446; x_wconf 84' lang='lat' dir='ltr'>ver·</span> 
     </span>
     <span class='ocr_line' id='line_1_31' title="bbox 548 3471 1053 3544; baseline -0.012 0"><span class='ocrx_word' id='word_1_234' title='bbox 548 3497 632 3544; x_wconf 79' lang='lat' dir='ltr'>na</span> <span class='ocrx_word' id='word_1_235' title='bbox 605 3472 800 3542; x_wconf 56' lang='lat' dir='ltr'>mulis</span> <span class='ocrx_word' id='word_1_236' title='bbox 834 3471 1053 3541; x_wconf 81' lang='lat' dir='ltr'>nescit.</span> 
     </span>
    </p>

    <p class='ocr_par' dir='ltr' id='par_1_5' title="bbox 510 3568 2656 4079">
     <span class='ocr_line' id='line_1_32' title="bbox 694 3568 2650 3670; baseline 0.001 -27"><span class='ocrx_word' id='word_1_237' title='bbox 694 3572 1044 3670; x_wconf 74' lang='lat' dir='ltr'>Bingamus</span> <span class='ocrx_word' id='word_1_238' title='bbox 1077 3568 1459 3644; x_wconf 75' lang='lat' dir='ltr'>instituerat</span> <span class='ocrx_word' id='word_1_239' title='bbox 1481 3573 1789 3644; x_wconf 83' lang='lat' dir='ltr'>facerem</span> <span class='ocrx_word' id='word_1_240' title='bbox 1822 3575 2066 3666; x_wconf 60' lang='lat' dir='ltr'>Origgx</span> <span class='ocrx_word' id='word_1_241' title='bbox 2073 3575 2251 3645; x_wconf 84' lang='lat' dir='ltr'>Eccl</span> <span class='ocrx_word' id='word_1_242' title='bbox 2278 3577 2417 3643; x_wconf 82' lang='lat' dir='ltr'>XV.</span> <span class='ocrx_word' id='word_1_243' title='bbox 2430 3596 2514 3659; x_wconf 83' lang='lat'>3.</span> <span class='ocrx_word' id='word_1_244' title='bbox 2515 3580 2650 3665; x_wconf 83' lang='grc' dir='ltr'>2ς.</span> 
     </span>
     <span class='ocr_line' id='line_1_33' title="bbox 510 3673 2654 3775; baseline 0.005 -37"><span class='ocrx_word' id='word_1_245' title='bbox 510 3725 524 3738; x_wconf 81' lang='grc'><strong><em>,</em></strong></span> <span class='ocrx_word' id='word_1_246' title='bbox 547 3674 767 3775; x_wconf 80' lang='lat' dir='ltr'>quod,</span> <span class='ocrx_word' id='word_1_247' title='bbox 797 3692 869 3745; x_wconf 85' lang='lat' dir='ltr'>vt</span> <span class='ocrx_word' id='word_1_248' title='bbox 899 3675 1093 3769; x_wconf 84' lang='lat' dir='ltr'>supra</span> <span class='ocrx_word' id='word_1_249' title='bbox 1124 3673 1437 3759; x_wconf 71' lang='lat' dir='ltr'>diximus,</span> <span class='ocrx_word' id='word_1_250' title='bbox 1481 3703 1522 3772; x_wconf 79' lang='lat' dir='ltr'>p.</span> <span class='ocrx_word' id='word_1_251' title='bbox 1503 3673 1788 3748; x_wconf 66' lang='lat' dir='ltr'>iuribus</span> <span class='ocrx_word' id='word_1_252' title='bbox 1819 3677 2061 3747; x_wconf 85' lang='lat' dir='ltr'>fecerat</span> <span class='ocrx_word' id='word_1_253' title='bbox 2085 3691 2242 3748; x_wconf 83' lang='lat' dir='ltr'>ante</span> <span class='ocrx_word' id='word_1_254' title='bbox 2273 3677 2654 3762; x_wconf 73' lang='lat' dir='ltr'>Blandellw&#39;,</span> 
     </span>
     <span class='ocr_line' id='line_1_34' title="bbox 548 3773 2652 3876; baseline 0 -27"><span class='ocrx_word' id='word_1_255' title='bbox 548 3792 626 3849; x_wconf 81' lang='lat' dir='ltr'>vt</span> <span class='ocrx_word' id='word_1_256' title='bbox 658 3800 736 3847; x_wconf 79' lang='lat' dir='ltr'>ex</span> <span class='ocrx_word' id='word_1_257' title='bbox 768 3774 909 3872; x_wconf 89' lang='lat' dir='ltr'>ipso</span> <span class='ocrx_word' id='word_1_258' title='bbox 942 3780 1039 3846; x_wconf 89' lang='grc' dir='ltr'><em>Μ</em></span> <span class='ocrx_word' id='word_1_259' title='bbox 1052 3773 1175 3847; x_wconf 70' lang='lat' dir='ltr'>{sae</span> <span class='ocrx_word' id='word_1_260' title='bbox 1207 3782 1482 3848; x_wconf 86' lang='lat' dir='ltr'>Canone</span> <span class='ocrx_word' id='word_1_261' title='bbox 1514 3773 1918 3863; x_wconf 82' lang='lat' dir='ltr'>ostenderet,</span> <span class='ocrx_word' id='word_1_262' title='bbox 1968 3788 2223 3848; x_wconf 82' lang='lat' dir='ltr'>veteres</span> <span class='ocrx_word' id='word_1_263' title='bbox 2250 3805 2286 3848; x_wconf 90' lang='lat' dir='ltr'>a</span> <span class='ocrx_word' id='word_1_264' title='bbox 2315 3804 2652 3876; x_wconf 61' lang='lat' dir='ltr'>parapeg-</span> 
     </span>
     <span class='ocr_line' id='line_1_35' title="bbox 557 3875 2654 3979; baseline 0 -31"><span class='ocrx_word' id='word_1_265' title='bbox 557 3875 837 3979; x_wconf 71' lang='grc' dir='ltr'><strong><em>φώσεως</em></strong></span> <span class='ocrx_word' id='word_1_266' title='bbox 883 3880 1202 3973; x_wconf 84' lang='lat' dir='ltr'>opinione</span> <span class='ocrx_word' id='word_1_267' title='bbox 1248 3879 1498 3949; x_wconf 76' lang='lat' dir='ltr'>alienos</span> <span class='ocrx_word' id='word_1_268' title='bbox 1538 3876 1757 3965; x_wconf 70' lang='lat' dir='ltr'>fuisse,</span> <span class='ocrx_word' id='word_1_269' title='bbox 1820 3897 1891 3948; x_wconf 87' lang='lat' dir='ltr'>et</span> <span class='ocrx_word' id='word_1_270' title='bbox 1933 3879 2204 3973; x_wconf 82' lang='lat' dir='ltr'>quidem</span> <span class='ocrx_word' id='word_1_271' title='bbox 2247 3904 2304 3950; x_wconf 89' lang='lat' dir='ltr'>e.</span> <span class='ocrx_word' id='word_1_272' title='bbox 2335 3904 2390 3948; x_wconf 91' lang='lat' dir='ltr'>c.</span> <span class='ocrx_word' id='word_1_273' title='bbox 2431 3904 2509 3949; x_wconf 81' lang='lat' dir='ltr'>ex</span> <span class='ocrx_word' id='word_1_274' title='bbox 2550 3904 2654 3963; x_wconf 69' lang='grc' dir='ltr'>σο,</span> 
     </span>
     <span class='ocr_line' id='line_1_36' title="bbox 534 3974 2656 4079; baseline 0 -29"><span class='ocrx_word' id='word_1_275' title='bbox 534 3979 744 4079; x_wconf 47' lang='lat' dir='ltr'>*quod</span> <span class='ocrx_word' id='word_1_276' title='bbox 772 3974 921 4076; x_wconf 84' lang='lat' dir='ltr'>post</span> <span class='ocrx_word' id='word_1_277' title='bbox 952 3978 1527 4050; x_wconf 82' lang='lat' dir='ltr'>consecrationem</span> <span class='ocrx_word' id='word_1_278' title='bbox 1555 3984 1735 4050; x_wconf 87' lang='lat' dir='ltr'>Deus</span> <span class='ocrx_word' id='word_1_279' title='bbox 1764 3995 2066 4070; x_wconf 85' lang='lat' dir='ltr'>rogatur,</span> <span class='ocrx_word' id='word_1_280' title='bbox 2125 3999 2202 4053; x_wconf 83' lang='lat' dir='ltr'>vt</span> <span class='ocrx_word' id='word_1_281' title='bbox 2243 3988 2403 4053; x_wconf 79' lang='lat' dir='ltr'>dona</span> <span class='ocrx_word' id='word_1_282' title='bbox 2441 3983 2656 4052; x_wconf 78' lang='lat' dir='ltr'>oblata</span> 
     </span>
    </p>
   </div>
   <div class='ocr_carea' id='block_1_3' title="bbox 552 4080 2656 4257">
    <p class='ocr_par' dir='ltr' id='par_1_6' title="bbox 552 4080 2656 4257">
     <span class='ocr_line' id='line_1_37' title="bbox 552 4080 2656 4257; baseline -0.004 -99"><span class='ocrx_word' id='word_1_283' title='bbox 552 4085 878 4181; x_wconf 70' lang='lat' dir='ltr'>propitius</span> <span class='ocrx_word' id='word_1_284' title='bbox 916 4085 1240 4178; x_wconf 57' lang='lat' dir='ltr'>acegoiat,</span> <span class='ocrx_word' id='word_1_285' title='bbox 1278 4094 1349 4155; x_wconf 76' lang='lat' dir='ltr'>vt</span> <span class='ocrx_word' id='word_1_286' title='bbox 1393 4084 1702 4181; x_wconf 75' lang='lat' dir='ltr'>quondam</span> <span class='ocrx_word' id='word_1_287' title='bbox 1736 4103 1990 4156; x_wconf 74' lang='lat' dir='ltr'>munera</span> <span class='ocrx_word' id='word_1_288' title='bbox 2029 4083 2281 4173; x_wconf 68' lang='lat' dir='ltr'>Abelis,</span> <span class='ocrx_word' id='word_1_289' title='bbox 2337 4080 2656 4257; x_wconf 59' lang='lat' dir='ltr'>AJmeIIzZe.</span> 
     </span>
     <span class='ocr_line' id='line_1_38' title="bbox 2481 4206 2656 4254; baseline -0.027 1"><span class='ocrx_word' id='word_1_290' title='bbox 2481 4208 2513 4254; x_wconf 84' lang='lat' dir='ltr'>e</span> <span class='ocrx_word' id='word_1_291' title='bbox 2538 4208 2564 4253; x_wconf 90' lang='lat' dir='ltr'><em>c</em></span> <span class='ocrx_word' id='word_1_292' title='bbox 2608 4206 2656 4251; x_wconf 76' lang='lat' dir='ltr'>z-</span> 
     </span>
    </p>
   </div>
  </div>
 </body>
</html>
