2949 5023
909 327 932 334 ,,
1002 253 1653 332 cnarsr‘rana‘
2235 289 2377 365 299

274 442 464 541 quod
507 440 683 540 apud
717 442 1072 518 Ciceronem
1112 442 1498 541 disciplinae
1547 440 1630 512 de
1674 440 1862 516 seffls
1906 443 2245 535 dicuntur,
2302 466 2376 530 vt

276 547 442 622 Nat.
471 547 756 618 Deorum
785 550 832 629 1,
865 571 931 633 7.
1045 550 1229 617 Nam
1259 544 1684 643 philosophia
1713 570 1840 615 vna
1867 543 1991 618 est:
2058 568 2127 621 at
2152 551 2382 648 plures

265 648 424 728 ¹eius
454 645 601 717 sunt
629 644 1004 743 disciplinae
1047 666 1327 746 propter
1351 645 1732 718 varietatem
1764 647 2221 747 philosophiae
2249 671 2379 724 tra-

278 739 547 819 dendae.
643 743 750 818 Est
781 763 851 818 et
880 748 1214 846 disciplina
1244 748 1609 831 rhetorica,
1663 774 1831 844 quae
1858 766 1930 821 et
1960 753 2262 824 vniuerse
2290 753 2375 826 ad

263 845 684 924 methodum
713 847 1034 932 refertur,
1091 845 1345 921 doRori
1377 851 1620 946 cuique
1646 852 1717 919 in
1746 847 2074 922 tradendis
2105 878 2371 947 praece-

174 1029 185 1051 ·
276 952 410 1049 ptis
440 953 779 1047 propriam
799 1001 817 1034 ,
893 966 962 1021 et
988 976 1151 1021 vero
1182 954 1461 1023 maxime
1492 950 1575 1020 ad
1619 950 1898 1023 modum
1928 947 2267 1034 exercendi
2299 962 2379 1036 tif

277 1053 499 1133 tonis,
551 1075 690 1122 non
718 1067 958 1123 tamvt
985 1049 1181 1123 discat
1207 1043 1563 1150 praecepta
1593 1048 1851 1122 dicendi
1880 1055 1947 1124 in
1977 1070 2145 1141 arte,
2176 1073 2383 1153 quam

280 1166 354 1225 vt
377 1177 454 1222 ea
483 1150 561 1221 ad
597 1151 779 1223 vsum
817 1153 1125 1226 conferre
1156 1153 1498 1249 paullatim
1530 1152 1910 1224 consuescat
1938 1178 2060 1251 per
2076 1160 2380 1252 exercita·

279 1256 500 1326 tiones
544 1252 843 1345 legendi,
897 1250 1220 1325 scribendi
1262 1278 1340 1324 ac
1379 1252 1791 1323 declamandi
1810 1265 1845 1338 ,³
1882 1257 2386 1340 accommodate„

279 1352 359 1425 ad
389 1370 743 1453 praecepta
772 1353 1034 1425 dicendi
1065 1354 1322 1425 traditass
1477 1354 1780 1423 Omnino
1826 1353 2197 1453 disciplinae
2236 1384 2385 1436 ,ver-

278 1452 444 1527 bum
473 1457 818 1552 propriam
851 1453 1069 1526 sedem
1103 1453 1304 1526 habet
1336 1455 1406 1524 in
1438 1450 1833 1541 afflonibuS,
1888 1471 2037 1527 tum
2086 1463 2389 1547 internisff

283 1571 438 1628 tum
465 1557 752 1626 externis
787 1555 1096 1648 regendis
1129 1571 1197 1627 et
1225 1552 1707 1626 confirmandis·
1857 1559 2064 1629 Cuius
2109 1561 2386 1655 quidem

277 1656 555 1751 generis
593 1652 685 1738 est
715 1657 1033 1752 difiiplina
1062 1657 1377 1752 domestica
1405 1655 1595 1753 saepe
1625 1655 1998 1743 veteribuS,
2051 1660 2385 1758 inprimis·

284 1782 427 1856 que
479 1757 762 1830 Ciceroni
798 1775 1351 1844 commemorata3
1410 1775 1554 1829 tum
1593 1759 1913 1854 difitplioa
1952 1763 2226 1833 ciuitatis
2269 1781 2389 1844 aut

289 1859 690 1954 reipublicae,
733 1882 918 1954 quae
964 1855 1274 1931 institutis
1314 1858 1751 1955 moribusque
1792 1859 2065 1955 publice
2103 1866 2393 1961 receptis

289 1961 676 2036 continetur
702 1957 783 2031 ad
813 1965 990 2033 ciues
1021 1959 1278 2053 legibus
1307 1963 1722 2058 parentiores
1753 1959 2175 2049 efficiendos,·
2194 1967 2390 2044 Orat.

290 2067 342 2148 1,
380 2085 411 2131 1
449 2075 520 2132 et
553 2086 664 2149 34.
710 2064 912 2136 Brut.
957 2086 1062 2134 10.
1113 2063 1300 2140 Verr.
1337 2066 1478 2146 III,
1513 2072 1629 2149 69.
1745 2067 1842 2133 Ex
1870 2063 2112 2135 eodem
2140 2089 2399 2158 genere

291 2159 386 2236 est
410 2164 654 2246 naualis
680 2164 994 2259 diliiplina
1019 2162 1463 2248 Rhodiorum,
1487 2165 1713 2235 Manil-
1752 2189 1779 2234 1
1801 2180 1858 2246 8.
1904 2182 2050 2236 tum
2081 2169 2399 2262 disciplina

294 2268 619 2348 militaris,
678 2288 847 2361 quae
882 2268 1162 2365 proprie
1212 2259 1379 2337 inest
1416 2266 1487 2334 in
1525 2261 1872 2347 institutis,
1942 2266 2401 2366 omnibusque

294 2366 911 2455 exercitationibuS,
974 2392 1101 2465 per
1137 2394 1294 2465 quas
1336 2364 1497 2438 boni
1545 2368 1789 2440 milites
1832 2364 2038 2451 fiunt,
2099 2371 2140 2440 i.
2170 2393 2253 2440 e„
2280 2372 2401 2467 qui

293 2465 542 2569 poffint
567 2470 638 2539 in
672 2464 849 2541 bello
879 2468 1176 2564 gerendo
1211 2493 1479 2568 operam
1502 2466 1748 2541 bonam
1780 2485 1849 2541 et
1876 2470 2104 2543 vtilem
2134 2495 2419 2569 nauare,-

295 2576 538 2645 nonin
581 2571 847 2643 scientia
888 2574 984 2644 rei
1031 2572 1364 2656 militaris,
1426 2596 1597 2668 quae
1638 2568 1920 2643 ducibus
1962 2574 2236 2671 propria
2276 2569 2401 2653 est..

295 2680 355 2749 Ε
382 2670 624 2772 quibus
652 2673 1078 2766 intelligitur,
1140 2698 1257 2744 eos
1291 2669 1479 2743 valde
1508 2695 1726 2747 errare
1753 2688 1953 2768 atque
1982 2672 2172 2758 abuti
2212 2672 2401 2747 disci·

293 2778 520 2878 plinae
551 2770 790 2863 verbo,
849 2776 1064 2869 quiin
1100 2799 1208 2865 ea,
1271 2797 1425 2844 cum
1461 2772 1543 2844 ad
1573 2776 1773 2847 vitam
1817 2774 2405 2873 moresquerefers

267 2894 429 2965 stur,
465 2892 730 2970 tantum
761 2873 1218 2969 castigationes
1245 2899 1371 2972 *per
1397 2875 1534 2946 vim
1563 2898 1948 2971 poenasque
1977 2876 2403 2970 intelligunt;

149 3020 158 3026 ·
296 2977 483 3053 vnde
509 2984 711 3052 etiam
738 2977 824 3050 de
847 2974 1084 3051 nostris
1116 2976 1411 3075 quidam,
1467 2979 1585 3074 qui
1620 2974 1704 3046 de
1733 2974 2069 3075 disciplina
2100 2976 2399 3055 ecclesia·-
2440 3016 2447 3029 =

297 3077 452 3155 stica
480 3078 739 3153 tradere
764 3076 1218 3164 instituerunt,
1277 3098 1421 3150 rem
1460 3102 1675 3176 paene
1716 3092 1991 3151 omnem
2036 3105 2119 3152 eo
2159 3082 2403 3153 retule-

298 3198 487 3259 runt.
634 3184 996 3271 Enimuero
1031 3196 1220 3253 vetus
1263 3179 1556 3265 latinitas
1586 3176 2051 3264 Ecclesiastica,
2107 3206 2259 3255 cum
2309 3178 2397 3251 de

307 3284 646 3385 disciplina
677 3311 754 3359 ea
781 3285 1114 3379 loquitur,
1183 3283 1410 3354 omnia
1435 3275 1907 3377 complestitur
1949 3277 2245 3353 instituta
2330 3306 2405 3353 u·

303 3384 493 3473 blica,
544 3387 1184 3480 exercitationesque
1210 3399 1530 3465 externas,
1578 3380 1816 3480 quibus
1843 3405 2066 3453 mores
2103 3381 2263 3453 Chri
2321 3383 2335 3399 ‘
2376 3418 2408 3441 -

307 3482 559 3561 norum
594 3492 771 3584 regi,
819 3488 1127 3569 formari,
1186 3483 1557 3579 contineri„
1613 3483 2030 3580 omninoque
2069 3484 2283 3582 pietas
2333 3496 2407 3557 et

308 3587 518 3664 virtus
555 3590 849 3671 adiuuari
893 3586 1108 3688 poffit.

460 3700 525 3761 6.
554 3690 754 3789 Apud
788 3692 1083 3763 Graecos
1113 3685 1488 3786 disciplinae
1513 3681 1718 3758 verbo
1751 3684 2108 3784 respondet
2120 3676 2414 3764 παιδεῖαι.

316 3787 532 3876 Quod
570 3787 1164 3888 conscripsitopus
1208 3791 1594 3883 egregium,
1676 3786 1789 3861 sub
1846 3788 2046 3862 titulo
2101 3784 2413 3871 παιδείαις

315 3886 530 3992 κῦςε,
582 3893 968 3984 Xenophon,
1021 3888 1114 3963 est
1158 3889 1241 3962 de
1280 3893 1595 3988 disciplina
1641 3889 1830 3989 Cyri,
1908 3893 1951 3961 i.
1993 3910 2050 3965 e.
2098 3888 2411 3971 institutis,

317 3993 517 4094 Cyri,
545 3991 993 4098 ‚etrvniuersh
1036 4008 1113 4070 vt
1133 3990 1342 4092 vulgo
1368 3992 1733 4096 loquimur,
1762 3989 2115 4080 methodo,
2128 3988 2417 4166 “ue-affin

2340 4117 2416 4168 us
