2949 5023
1003 379 1642 446 cunum-'xanta
2076 461 2082 478 ‚
2225 393 2371 472 3‘13

145 611 148 620 -
279 573 354 632 et
387 553 858 631 aestimandum
894 555 1319 631 conferentis.
1423 538 1654 658 Atque
1683 559 1880 632 etiam
1905 543 2225 647 videmus,
2270 564 2372 632 in-

276 661 713 753 telligentiam
758 674 833 730 et
872 662 1203 732 ratione'm
1233 661 1594 733 humanam
1636 661 1975 735 scrutanda
2000 687 2228 734 rerum
2257 687 2369 735 na-

275 781 427 835 tura
455 758 797 859 'repet-isse,
838 760 993 857 quid
1039 778 1108 833 et
1156 760 1506 857 quomodo
1552 763 1842 834 iudicare
1886 763 2177 848 deberet,
2228 763 2399 836 sen··

274 865 516 960 susque
545 863 701 934 inde
732 861 1046 934 honestos
1097 866 1539 961 egregiosque
1569 861 1926 961 suscepisse,
1977 869 2191 965 iisque
2214 867 2397 937 alio·'

272 987 424 1038 rum
452 969 708 1036 animos
738 964 852 1035 vel·
878 961 1199 1049 imbuisse,
1250 966 1352 1035 vel
1380 962 1683 1037 imbuere
1710 963 2000 1039 tentasse.
2100 969 2395 1038 Etenim·

272 1067 442 1137 nihil
471 1062 565 1136 est
609 1066 1100 1165 propemodum
1132 1070 1198 1138 in
1245 1069 1341 1150 iis,
1395 1092 1566 1163 quos
1596 1069 1878 1164 exempli
1908 1064 2119 1140 caussa
2148 1067 2374 1166 posui·

275 1189 446 1253 mus,
489 1167 670 1265 quod
715 1179 858 1240 tion
898 1171 1267 1267 reperiatur
1301 1170 1368 1237 in
1395 1168 1973 1266 Philosophorum,
2021 1174 2399 1242 Poetarum·

275 1270 577 1367 inprimis
622 1286 696 1340 et
733 1265 1225 1341 Historicorum
1273 1271 1689 1342 Graecorum
1733 1273 2260 1366 Latinorumque
2295 1271 2377 1340 11-

273 1367 433 1442 bris:
537 1376 696 1441 Nec
717 1387 835 1442 aut
872 1371 986 1443 ille
1011 1370 1166 1441 fons
1197 1372 1514 1442 naturalis
1556 1370 1872 1458 sensuum,
1925 1388 2041 1444 aut
2066 1373 2191 1444 riui
2224 1368 2377 1442 inde
2492 1405 2507 1416 Ρ

278 1466 547 1542 dedu&
587 1474 657 1543 in
698 1471 902 1544 libros
939 1474 1290 1554 humanm,
1334 1473 1679 1542 contemni
1722 1489 1922 1569 atque
1947 1473 2029 1545 ab
2058 1473 2170 1546 vsu
2205 1476 2397 1544 vitae·

273 1574 618 1646 renioueri
653 1570 923 1659 debent,
968 1589 1079 1644 aut
1108 1574 1401 1643 alienum
1445 1570 1717 1643 iudicari
1743 1589 2019 1673 oportet
2044 1575 2125 1647 ab
2158 1575 2401 1645 homi··

273 1697 370 1745 ne
407 1669 795 1755 Christiano,
845 1672 892 1743 si
943 1673 1097 1743 inde
1141 1698 1414 1770 quoque
1454 1674 1715 1746 hauriat
1753 1690 1828 1746 et
1869 1675 1951 1746 ad
1984 1675 2167 1746 suum
2198 1692 2269 1748 et
2292 1670 2401 1746 ad‘

276 1775 563 1872 aliorum
601 1774 821 1846 vsum:
871 1799 1011 1872 quo
1052 1774 1358 1847 videntur
1400 1775 1667 1873 quidam
1707 1777 2060 1863 inclinare,
2117 1773 2252 1848 siue
2292 1774 2403 1847 ab'

274 1873 709 1973 simplicitatis
749 1877 901 1973 piae
942 1875 1226 1964 inscitia,
1282 1872 1417 1948 siue
1460 1879 1875 1975 hypocritica
1916 1874 2379 1963 ostentatione,

279 1974 419 2049 siue
465 1981 693 2062 etiam,
734 1973 917 2073 quod
945 1969 1165 2071 gen'us‘
1194 1976 1546 2076 pessimum
1572 1975 1683 2068 est,
1728 1976 2020 2056 inuidiae
2045 1977 2380 2049 faciendae

277 2076 655 2198 cupioitate.
757 2082 1011 2174 Neque
1040 2082 1220 2150 enim
1246 2078 1541 2153 alienum
1568 2077 1645 2152 sit
1670 2078 1752 2152 ab
1781 2082 2063 2154 homine
2079 2076 2403 2152 Christian·
2526 2105 2533 2120 ¹

279 2205 395 2263 no,
439 2183 682 2252 imitari
725 2183 1093 2277 Prophetas
1135 2196 1208 2253 et
1235 2179 1616 2279 Apostolos,
1658 2185 1796 2279 qui,
1846 2198 1917 2253 vt
1951 2184 2386 2255 incitamenta

274 2279 461 2359 resse
508 2279 764 2374 agendi,
808 2281 891 2353 ab
933 2297 1163 2354 natura
1207 2281 1430 2356 rei-um
1478 2308 1601 2381 per
1637 2284 1913 2356 rationis
1954 2283 2138 2356 vsum
2186 2278 2384 2354 duaa

281 2384 648 2457 admouent
688 2381 960 2455 subinde
1000 2387 1255 2470 animis,
1298 2381 1383 2455 sic
1425 2387 1629 2457 etiarn
1674 2384 1978 2458 sensuum
2022 2381 2386 2466 rectorum,

278 2480 714 2559 honestorum
754 2500 821 2557 et
854 2489 1120 2584 piorum
1174 2483 1415 2560 caussas
1459 2501 1531 2558 et
1572 2487 1894 2586 principia
1932 2488 2003 2557 in
2033 2483 2386 2558 communi

278 2613 512 2661 rerum
557 2603 792 2658 natura
832 2585 1310 2661 demonstrant.
1425 2585 1752 2661 Ecclesiae
1806 2586 2075 2687 quidem
2135 2586 2403 2657 veteris'

284 2693 563 2762 Latinae
606 2685 919 2761 dostores
961 2691 1250 2782 egregii,
1300 2704 1374 2761 vt
1412 2689 1496 2761 de
1539 2692 1810 2762 Graecis
1850 2690 2023 2759 nihil‘
2067 2685 2385 2768 dicamus,
2524 2726 2527 2733 ·

282 2793 681 2892 Ambrqfius,
731 2790 1154 2889 Augustinus,
1198 2794 1334 2864 Leo
1379 2792 1695 2887 Magnus,
1737 2791 2183 2871 Bernhardus,
2238 2809 2386 2859 non

284 2891 694 2976 dubitauere‚
740 2890 1030 2962 sensibus
1076 2889 1233 2963 inde
1282 2886 1529 2975 duffls,
1577 2892 1774 2962 etiam
1814 2887 1894 2961 ab
1938 2887 2380 2985 Philosophis,

282 2997 600 3068 Poetisue
639 2994 896 3077 latinis,
944 2993 1252 3064 homilias
1296 2991 1438 3063 suas
1480 3005 1551 3061 et
1591 2989 1824 3089 scripta
1862 2992 2012 3077 alia,
2057 2990 2141 3061 ad
2183 2985 2397 3063 officii*

292 3093 659 3168 dostrinam
691 3112 765 3168 et
793 3091 1455 3167 commendationem
1491 3095 1906 3190 pertinentia,
1953 3092 2285 3164 refercire.

429 3223 543 3273 20.
573 3188 823 3294 Neque
848 3214 1074 3269 tamen
1109 3198 1338 3289 negari
1367 3192 1568 3265 debet
1591 3208 1708 3266 aut
1732 3189 1970 3293 potest,
2000 3194 2174 3266 haud
2204 3191 2393 3290 paul·

280 3302 356 3375 lo
385 3301 732 3387 meliorem
767 3294 897 3373 effe
923 3298 1186 3370 fontem
1224 3297 1693 3393 scripturarum
1721 3297 2117 3381 diuinarum,
2172 3317 2252 3362 ex
2277 3315 2392 3363 eo·

285 3428 424 3500 que
456 3401 695 3483 sensuS,
747 3398 835 3471 de
879 3398 1124 3499 quibus
1164 3398 1470 3483 dicimus,
1517 3414 1589 3469 et
1614 3398 1859 3485 naias,
1910 3413 1982 3468 et
1992 3397 2265 3490 plenius,
2313 3404 2393 3462 et·

285 3505 574 3599 efficacius
616 3498 868 3576 assumi.
971 3508 1155 3574 Nam
1199 3501 1530 3599 primum,
1586 3498 1796 3591 longe
1843 3501 2125 3569 maxima
2167 3492 2388 3612 ¹¹⁰¹¹¹³s

288 3629 456 3677 num
498 3629 673 3701 pars,
725 3617 1009 3704 propter
1056 3599 1577 3675 imbecillitatem
1622 3602 1864 3693 ingenii
1910 3615 2114 3696 atque
2141 3593 2397 3679 iudicia*

292 3730 388 3786 ea,
437 3730 604 3801 quae
648 3708 715 3776 in
756 3721 989 3777 natura
1028 3729 1259 3777 rerum
1301 3703 1531 3788 latent,
1575 3700 1822 3788 videre,
1874 3715 1945 3772 et
1983 3698 2143 3771 inde
2173 3698 2394 3771 sensus
2522 3728 2526 3733 ’

291 3799 514 3879 restos
549 3804 872 3904 suscipere
915 3831 1056 3878 non
1094 3799 1344 3902 potestt
1393 3801 1795 3900 praesertim,
1846 3827 2055 3900 quum
2087 3803 2397 3914 plerique

169 3910 180 3919 “
293 3907 535 4023 ΡΡΡΡ-
551 3902 1983 4080 ωΓΡΡΡ
2262 3922 2472 4071 ,122

293 4031 882 4209 xarinitlinplurimis
911 4033 1338 4211 maximisque
1363 4106 1566 4285 τῧωε
1595 4031 1823 4193 Γεῐῗίῑιει
1852 4056 2101 4192 forent.
2114 4029 2254 4175 (tinec
2280 4124 2406 4219 pu:

1520 4231 1572 4305 5
2339 4225 2404 4276 n
