2949 5023
667 380 781 429 ³1«-
840 363 1291 430 nummoli:
1347 357 1987 432 'eous-ruvmmn
2237 377 2386 459 275

264 538 421 615 fidei
449 540 760 624 veritate,
806 547 1032 612 tamen
1064 541 1178 614 ille
1205 542 1351 614 talis
1381 543 1599 614 sensus
1627 545 2117 642 tranquillitatis
2145 563 2216 618 et
2248 549 2377 622 lae·

263 647 482 725 tinae,
523 658 638 713 aut
668 647 950 715 omnino
982 668 1121 722 non
1153 640 1380 732 existit,
1420 663 1537 716 aut
1569 643 1882 718 obscurus
1905 645 2000 720 est
2027 664 2098 720 et
2122 648 2374 721 hebes?

261 742 452 845 quod
494 742 683 841 saepe
720 743 1052 829 accidere,
1116 769 1258 816 non
1301 743 1603 817 dubitare
1641 772 1765 819 nos
1809 746 2028 822 finunt
2066 753 2371 849 exempla

258 851 556 945 piorum,
585 869 670 916 eo
701 849 976 917 nomine
1007 848 1460 942 querentium:
1513 851 1770 947 quippe
1799 867 1870 921 et
1895 854 2181 956 Spiritus
2211 858 2368 925 San-

257 944 403 1019 stus
435 947 570 1018 hoc
593 941 921 1048 χάςισμα
949 972 1078 1018 nec
1099 945 1437 1034 omnibns,
1495 975 1624 1020 nec
1651 948 1879 1024 eadem
1911 956 2207 1024 mensura
2249 956 2367 1028 tri-

256 1048 433 1121 buit:
483 1063 553 1119 et
580 1048 967 1122 obscuratur
996 1048 1184 1146 saepe
1210 1051 1423 1123 sensus
1448 1051 1562 1122 ille
1589 1055 1817 1124 multis
1833 1055 2025 1127 etiam
2057 1059 2366 1128 humanis

260 1167 333 1221 et
364 1149 769 1222 naturalibus
799 1148 1055 1239 cau'ffi‘S,
1109 1171 1184 1221 vt
1232 1150 1404 1223 bene
1434 1151 1833 1225 admonetur
1881 1159 1952 1227 in
1984 1159 2237 1228 Declnr.
2282 1162 2363 1230 F.

259 1254 335 1327 G.
381 1270 506 1325 art.
548 1277 613 1324 2.
640 1280 714 1347 p.
748 1265 913 1339 672.
1063 1259 1225 1323 Nec
1262 1253 1368 1324 ille
1408 1252 1626 1324 sensus
1674 1254 1865 1327 facile
1902 1259 2126 1328 oritur
2164 1254 2279 1328 nifi
2326 1283 2368 1330 a

255 1355 679 1453 πληςοφοςίᾳ
707 1354 984 1438 winae,
1034 1354 1102 1425 in
1128 1378 1256 1450 qua
1286 1379 1425 1426 non
1460 1350 1555 1424 est
1577 1352 1876 1442 effentia,
1928 1356 2034 1428 sed
2065 1359 2364 1431 summus
2460 1335 2473 1364 X

258 1459 503 1549 gradus
537 1453 726 1539 fidei,
792 1454 870 1527 ad
902 1479 1105 1553 quem
1135 1456 1314 1526 forte
1343 1458 1537 1554 pauci
1565 1459 1988 1554 perueniunt.
2030 1489 2037 1496 ·
2109 1467 2365 1557 'Atque

256 1561 459 1628 etiam
490 1553 583 1625 est
609 1553 982 1628 inconstans
1014 1574 1082 1627 et
1110 1558 1339 1654 varius,
1382 1557 1536 1654 quia
1566 1582 1705 1629 non
1740 1555 2127 1633 neceffarius
2162 1559 2255 1631 est
2281 1559 2367 1632 ad

256 1659 563 1742 sulutem,
617 1674 691 1728 vt
728 1656 921 1754 supra
947 1655 1230 1728 diximus
1274 1660 1335 1756 §.
1375 1673 1488 1745 78.
1614 1659 1755 1731 ‘Sed
1781 1686 1886 1732 res
1916 1676 2052 1731 tam
2078 1663 2250 1732 varia
2290 1676 2366 1734 et
2404 1657 2415 1662 ’

254 1753 641 1832 inconstans
673 1783 814 1828 non
851 1752 1071 1857 potest
1110 1755 1238 1831 effe
1268 1784 1393 1831 vna
1438 1775 1553 1831 aut
1591 1785 1718 1857 pro
1772 1764 1863 1832 ria
1903 1785 1980 1832 ac
2017 1759 2368 1835 necessaria

256 1857 465 1933 euulsa
495 1864 589 1930 rei
611 1875 830 1956 certae
863 1879 935 1930 et
961 1858 1354 1946 constantis,
1415 1862 1621 1959 qualis
1653 1889 1690 1933 e
1762 1909 1807 1946 ,·
1836 1877 1950 1935 aut
1998 1859 2127 1933 effe
2160 1860 2367 1936 debet

255 1960 560 2037 sanstitas
587 1987 627 2032 a
654 1960 787 2034 fide
815 1959 1124 2054 profeaa.
1263 1962 1688 2060 Relinquitur
1715 1987 1878 2057 ergo
1896 2018 1915 2052 ‚
1978 1980 2057 2036 vt
2081 1961 2367 2037 effectus

255 2065 365 2136 ille
395 2063 578 2146 fidei,
638 2066 752 2160 qui
791 2059 885 2132 est
933 2073 1005 2134 in
1036 2061 1479 2135 conscientiae
1510 2082 1772 2160 pacatae
1798 2065 1984 2138 sensu
2013 2065 2232 2151 suaui,
2290 2081 2366 2138 et

253 2166 509 2238 laetitia
540 2192 580 2238 e
609 2163 939 2238 beneficio
966 2168 1132 2253 Dei,
1202 2161 1248 2235 fi
1280 2169 1632 2259 contingat
1656 2167 1983 2252 credenti,
2042 2168 2254 2239 valeat
2281 2167 2365 2240 ad

252 2266 501 2340 bonam
557 2267 1008 2350 voluntatem,
1092 2285 1164 2339 et
1220 2265 1543 2354 hastenus
1584 2271 1784 2339 etiam
1835 2269 1916 2340 ad
1969 2268 2365 2343 facultatem

252 2367 610 2452 obediendi
641 2369 771 2461 legi
800 2368 1096 2453 diuinae,
1141 2367 1322 2465 quod
1351 2395 1426 2441 ea
1456 2365 1582 2441 ess‘e
1615 2395 1753 2442 non
1787 2367 2006 2467 potest
2034 2365 2169 2441 sine
2201 2394 2358 2442 vern

254 2489 326 2545 et
358 2475 620 2564 integra
651 2472 1026 2556 voluntate,
1091 2468 1345 2544 summa
1372 2476 1469 2545 rei
1495 2475 1769 2568 proprie
1794 2470 2128 2547 tribuatur
2157 2472 2357 2568 Spiri-

249 2576 352 2649 tui
384 2569 623 2646 Sancto
650 2588 937 2671 propter
967 2570 1165 2644 fidem
1194 2572 1383 2660 dato,
1449 2598 1575 2669 per
1604 2573 1877 2645 verbum
1911 2576 2249 2670 operanti,
2289 2587 2360 2644 et

250 2676 598 2761 hominem
629 2673 709 2748 ad
752 2670 1158 2747 sanstitatem
1190 2674 1722 2747 contendentem
1747 2680 1818 2746 in
1848 2671 2222 2746 exercendo
2251 2671 2359 2744 ad·

249 2780 538 2865 iuuanti,
597 2794 670 2848 vt
695 2775 888 2874 supra
919 2774 1537 2848 demonstrauimus.
1878 2854 1887 2861 ,

396 2896 509 2966 87.
558 2883 637 2950 In
670 2879 789 2948 ha'c
818 2876 950 2975 ipsa
978 2894 1202 2950 autem
1220 2880 1684 2950 Oeconomiae
1705 2873 1970 2949 diuinae
1998 2890 2203 2974 parte,
2233 2877 2273 2949 i.
2298 2902 2358 2952 ο.

245 2980 459 3057 modo
488 2980 806 3051 facultatis
835 2982 1029 3051 huius
1047 2979 1150 3050 vel
1180 2977 1581 3051 tribuendae
1597 2979 1702 3049 vel
1716 2977 2148 3065 adiuuandae,
2182 2978 2357 3051 mul-

247 3082 462 3185 tiplex
489 3079 749 3153 bonitas
779 3096 848 3151 et
878 3081 1195 3179 sapientia
1224 3082 1440 3159 diuina
1467 3083 1786 3152 cernitur.
1888 3085 2184 3153 Primum
2235 3080 2357 3154 bo-

213 3189 449 3281 ·nitaS,
497 3181 681 3282 quod
707 3181 1013 3253 misertus
1039 3181 1507 3259 imbecillitatis
1535 3176 1826 3267 nostrae,
1869 3183 2055 3254 hanc
2078 3169 2379 3279 quoque=

241 3306 510 3389 partem
537 3285 885 3377 religionis
915 3307 991 3355 ac
1021 3287 1275 3371 cultae,
1330 3308 1457 3380 per
1486 3307 1687 3381 quem
1719 3283 1940 3354 salutis
1974 3297 2356 3378 compotes,

244 3390 487 3483 dignos
518 3388 585 3459 se
616 3382 891 3458 austore
921 3385 1135 3457 salutis
1166 3377 1563 3459 sanstiffimo'
1581 3380 2000 3480 praestarent,
2031 3383 2125 3453 sui
2154 3382 2357 3454 bene·
2418 3388 2419 3391 ’

242 3488 379 3563 ficii
425 3489 556 3562 esse
600 3490 845 3569 voluit,
905 3486 1248 3581 liu-giendo
1292 3489 1544 3584 Spiritu
1585 3484 1734 3569 suo,
1796 3507 1928 3555 nec
1969 3486 2107 3554 eius
2154 3483 2357 3558 bene-

244 3590 382 3666 ficii
407 3592 596 3662 aliam
629 3590 1089 3662 conditionem
1124 3593 1195 3661 in
1222 3585 1638 3662 conferendo
1668 3585 1852 3669 tulit,
1901 3609 2101 3684 quam
2130 3586 2356 3659 salutis

243 3689 446 3793 ipfiue
476 3715 698 3763 veram
743 3707 813 3761 et
848 3693 1165 3791 cupidam
1212 3693 1714 3787 acceptionem,
1773 3690 1846 3757 in
1890 3685 2354 3760 conseruando

244 3810 478 3868 autem
521 3796 664 3863 eius
696 3794 878 3864 vsum
908 3794 1158 3880 talem,
1222 3817 1343 3891 per
1373 3815 1576 3887 quem
1627 3804 2000 3885 appareret,
2066 3815 2208 3865 non
2255 3804 2350 3859 te·

242 3921 435 3969 mere
464 3892 692 3964 datum
730 3890 857 3964 esse
892 3894 1024 3966 hoc
1061 3892 1355 3968 santium
1385 3889 1820 3974 beneficium,
1881 3910 1954 3962 et
1993 3886 2355 3976 abieEtum,

243 3997 356 4071 sed
389 4001 458 4067 in
490 3996 646 4095 loco
674 3992 964 4093 positum
984 4048 1003 4081 ,
1037 3980 1125 4068 'h.
1153 4021 1210 4068 e.
1252 3994 1429 4093 apud
1454 4018 1643 4075 eum,
1707 3995 1824 4089 qui
1863 3992 1932 4064 id
1960 3992 2352 4064 conseruare

241 4115 442 4198 atque
472 4098 676 4171 etiam
708 4119 954 4192 augere
991 4122 1250 4185 amore,
1312 4092 1817 4184 mm,.1abore,
1876 4092 2351 4264 exercitatione?

1295 4203 1339 4272 S
1384 4225 1433 4272 τι
1820 4254 1841 4265 -
2149 4215 2283 4291 cup
2333 4230 2355 4248 ·
