2949 5023
522 275 682 347 VIII

366 531 373 540 p
524 420 655 510 etfi
687 448 925 508 nemo
944 418 1278 508 refellere
1307 424 1623 508 instituit
1648 421 2064 534 rationibus
2096 428 2620 532 grammatieiS,

524 594 841 705 quaein
884 588 1030 676 hae
1071 617 1154 674 re
1200 588 1450 675 valent
1499 590 1731 678 lohe:
1787 610 2043 678 tamen
2089 619 2282 676 vnus
2329 610 2405 676 et
2432 597 2622 680 item

526 758 1247 868 alter,‘opi1iionem³
1290 757 1674 866 vulgarem
1721 776 1800 844 et
1840 786 1882 846 a
1911 765 2160 868 pueris
2189 759 2623 868 susceptam,

531 951 726 1039 quae
773 923 959 1008 illud
1006 883 1307 1030 domim
1345 926 1441 1009 ad
1489 923 1824 1012 docendi
1879 921 2312 1027 facultatem
2371 903 2621 1033 refert,

528 1091 752 1178 malle
803 1092 1016 1204 sequi
1054 1090 1535 1177 seostendit:
1579 1085 1842 1178 'erbis
1887 1120 2084 1177 vnus
2115 1119 2414 1201 nuper,
2457 1098 2626 1207 ,qui

384 1245 407 1279 ³
527 1258 1022 1370 praetermissa
1048 1264 1678 1370 interpretatione,
1707 1265 2036 1346 maxime
2060 1258 2218 1344 hoc
2239 1243 2627 1366 nitemur,
2782 1263 2856 1312 ·.

494 1424 690 1511 'hoc
739 1445 1054 1535 vrgeret,
1119 1426 1334 1540 quod
1386 1428 1681 1514 Paullus
1732 1433 1816 1512 in
1856 1399 2125 1557 Arabia
2168 1426 2244 1511 se
2292 1409 2631 1513 do'cuiffe
2692 1447 2698 1456 ’

406 1597 416 1612 ’
531 1591 853 1692 diceret3
918 1595 1121 1680 vnde
1163 1594 1632 1708 consequens
1681 1594 1864 1699 effe,
1934 1613 2019 1677 vt
2064 1592 2351 1678 arabice
2412 1594 2631 1706 loqui

529 1761 897 1895 potuerit,
937 1761 1149 1875 quod
1184 1789 1365 1846 eum
1394 1788 1559 1847 non
1587 1761 1912 1866 aliunde,
1944 1789 2175 1874 quam
2203 1759 2296 1844 ab
2328 1759 2463 1844 illo
2494 1760 2628 1846 do·
2765 1825 2783 1838 .

533 1927 1031 2014 nohabuiffe.
1142 1935 1444 2040 Nempe
1486 1933 1588 2015 ita
1635 1950 1712 2014 et
1743 1928 1933 2013 olim
1961 1927 2285 2033 vulgaris
2321 1933 2628 2015 rationis

532 2091 879 2180 auffores
906 2093 1378 2202 colligebant,
1435 2061 2063 2205 parumlaccurate
2095 2121 2182 2179 ae
2211 2113 2404 2180 vere.
2487 2103 2629 2181 Fac

362 2301 367 2306 ’
486 2287 489 2288 f
531 2267 814 2368 autem,
827 2261 1086 2348 Paullo
1117 2290 1272 2347 rem
1299 2258 1517 2345 fuiss‘e
1542 2279 1719 2344 cum'
1747 2258 2219 2366 hominibus»,
2235 2267 2632 2374 quivnam

533 2419 935 2530 arabicam,
991 2442 1076 2507 vt
1119 2442 1290 2506 tum
1335 2445 1525 2524 erat,
1585 2427 1923 2535 linguam
1969 2426 2333 2514 callerent.
2442 2434 2631 2513 Non

531 2616 717 2699 ergo
747 2595 1068 2702 potuere
1100 2587 1509 2698 intelligere
1541 2587 1875 2697 linguam
1911 2587 2276 2693 hominis,
2320 2602 2452 2674 aut
2474 2592 2631 2700 ipse

532 2754 863 2861 illorum,
917 2782 1110 2868 quae
1128 2826 1134 2832 .
1153 2755 1248 2841 ab
1286 2756 1415 2840 sua
1461 2776 1760 2842 tantum
1800 2776 1884 2840 vt
1927 2752 2453 2843 dulcetus-alia
2482 2754 2630 2842 dis-

356 2917 365 2920 ’
530 2924 897 3031 creparet:
966 2930 1152 3006 cum
1190 2921 1739 3028 Hierosolymis
1789 2945 1869 3008 et
1909 2923 2192 3037 reliqua
2239 2924 2630 3039 Palaestina

531 3087 1026 3196 intelligerent
1081 3087 1436 3172 homines
1496 3115 1595 3172 ex
1633 3088 1904 3175 Arabia
1955 3104 2206 3199 ortos5
2278 3092 2355 3173 id
2414 3090 2632 3203 quod

458 3330 467 3340 .
533 3257 940 3367 perspicuis
986 3255 1363 3339 sacrorum
1418 3253 1792 3340 librorum
1840 3257 2205 3366 exemplis
2245 3255 2629 3351 dilbimus.
2784 3286 2812 3304 ”

534 3422 679 3507 Sed
709 3424 954 3533 potest
989 3422 1281 3506 Paullus
1312 3448 1570 3530 graece
1603 3421 1710 3553 ibi
1740 3422 2043 3509 locutus
2075 3422 2243 3520 effe,
2287 3441 2364 3507 et
2393 3428 2492 3506 ita
2520 3421 2629 3506 lo·

536 3610 806 3672 cutum
847 3589 993 3674 effe
1040 3616 1202 3672 non
1252 3588 1708 3673 dubitamus.
1821 3597 2020 3679 Nam
2052 3587 2411 3675 Ecclefiae
2458 3594 2628 3703 qui-

374 3724 375 3727 *
522 3745 710 3840 dem
740 3760 819 3839 in
852 3754 1122 3839 Arabia
1145 3755 1746 3868 antiquiffimae‚j
1767 3758 2094 3843 Graecae
2124 3754 2358 3862 fuere,
2395 3762 2629 3842 Gric-

528 3952 674 4009 cos
716 3924 1130 4035 Episcopus
1174 3919 1540 4032 habuere,
1599 3924 1811 4035 plura
1854 3951 1991 4038 per
2032 3922 2312 4032 secula,
2370 3922 2629 4033 Beryl-

2343 4186 2350 4193 ‚
2437 4090 2628 4196 lum,
