2949 5023
559 380 702 497 1453,
1043 419 1144 467 ne
1192 418 1709 469 exaestua-m
1762 415 2154 470 conpone
2208 414 2209 419 ’

552 574 971 664 obtulissent,
1012 577 1121 649 vel
1144 580 1472 652 conuiuae
1503 581 1746 678 plures,
1792 578 2074 680 ad'quos
2103 580 2482 663 sacrificium
2513 570 2660 657 non

553 688 959 788 pertineret:
1048 682 1114 750 in
1174 691 1401 755 coena
1457 681 1628 753 sacra
1687 694 1903 753 tetam
1962 686 2262 782 corporis
2317 682 2665 759 viffimam

554 790 914 880 accipimus
946 780 1288 854 vescendo.
1387 780 1649 853 Deinde
1677 798 1818 854 tota
1844 787 2014 857 ratio
2038 810 2270 857 earum
2299 788 2663 883 epularum'

553 884 863 988 profeRo
892 908 1031 957 non
1060 879 1156 953 est
1184 882 1324 954 satis
1352 881 1710 964 intellekla,
1740 880 1964 983 estque
1991 889 2269 959 omnino
2307 885 2663 978 eiusm0di;
2680 940 2683 945 2

553 1008 632 1065 vt
655 997 923 1063 Coenae
951 991 1011 1058 S.
1041 984 1229 1056 nullo
1261 984 1468 1059 modo
1496 1002 1648 1082 apta
1674 982 1769 1058 fit.
1875 989 2180 1075 Etenim,
2229 1003 2301 1060 vt
2327 988 2661 1088 ab‘epulis

555 1092 912 1187 gentilium
961 1089 1393 1184 incipiamus,
1493 1112 1613 1158 eae
1650 1089 1899 1161 nullam
1962 1085 2500 1163 coniunstionem
2546 1093 2666 1164 ha-

555 1194 767 1266 buere
793 1215 950 1262 cum
981 1190 1337 1281 religione:
1381 1190 1505 1265 2sed
1536 1166 1851 1286 quoniam
1881 1189 2292 1265 viaimarum
2334 1214 2483 1290 pars
2519 1212 2665 1264 ων

554 1309 706 1368 tum
736 1291 991 1363 solebat
1017 1290 1379 1374 immolari,
1439 1291 1758 1364 exta-fere
1797 1309 1864 1364 et
1894 1292 2130 1392 adeps,
2187 1311 2262 1366 vt
2292 1312 2528 1366 notum
2566 1291 2665 1366 est

557 1420 598 1469 e
628 1396 844 1493 poetis
874 1393 1121 1484 graecis
1152 1406 1220 1461 et
1240 1391 1478 1474 latinis,
1527 1412 1789 1468 ceterae
1820 1419 2049 1467 carnes
2078 1393 2524 1467 reddebantur
2554 1398 2674 1484 iis,'

552 1501 671 1594 qui
701 1494 1001 1566 animalia
1027 1488 1362 1563 mastanda
1391 1490 1725 1568 dediss'ent.
1816 1501 1975 1587 ‚Eas
2001 1522 2210 1595 porro
2245 1522 2470 1569 carnes
2503 1499 2669 1567 lice-·
2758 1558 2765 1563 .

552 1598 672 1671 bat
698 1594 816 1669 sibi
842 1595 1091 1668 seruare
1124 1619 1381 1681 omnes,
1424 1595 1502 1667 ad
1535 1596 1717 1670 vsum
1750 1598 2046 1682 familiae,
2076 1592 2293 1685 etiam,
2339 1593 2385 1670 fi
2396 1596 2658 1677 absumi

553 1715 856 1775 recentes
887 1722 1026 1770 non
1054 1693 1334 1791 possent,
1365 1695 1490 1768 sale
1517 1699 1819 1772 conditas
1854 1700 2110 1773 seruare
2137 1700 2217 1773 ad
2247 1700 2429 1772 vsum
2447 1702 2673 1773 ceteri·

554 1803 911 1901 temporie,
975 1797 1262 1895 denique
1290 1801 1489 1869 etiam
1518 1799 1834 1891 vendere,
1901 1804 2001 1874 vel
2043 1827 2164 1899 per
2204 1818 2422 1902 partes
2453 1803 2665 1900 pluri-

554 1903 705 1987 bus,
736 1902 841 1973 vel
869 1898 1198 1974 vniuersas
1227 1900 1435 1984 laniis,
1464 1927 1501 1973 a
1529 1900 1772 2000 quibus
1793 1903 2242 1976 venderentur
2264 1907 2333 1976 in
2348 1904 2673 1989 macello,·

553 2001 743 2106 quod
774 2004 977 2074 etiam
1003 2002 1210 2072 Paulli
1234 1997 1455 2072 verbis
1486 2005 1876 2097 intelligitur
1914 2030 1944 2077 1
1988 2005 2138 2078 Cor.
2181 2029 2285 2088 10,
2319 2024 2432 2095 25‘.
2529 2003 2662 2076 Sed

551 2104 855 2179 moribus
871 2108 1283 2176 Graecorum
1311 2101 1444 2174 hoc
1470 2103 1803 2177 sordidum
1825 2105 2185 2204 putabatur
2211 2122 2281 2179 et
2308 2104 2658 2192 ill;berale;

493 2276 497 2291 ,
553 2206 735 2280 vnde
779 2204 862 2277 ab
903 2202 1328 2298 Theophrasto
1383 2206 1486 2273 in‘
1511 2204 1806 2301 partibus
1863 2208 2307 2280 illiberalitatis
2377 2211 2656 2307 ponitur

560 2308 854 2382 ΟῘιαναὲἶ.
886 2330 1005 2384 22.
1124 2309 1355 2401 Itaque
1382 2303 1788 2398 locupletes,
1852 2306 2185 2381 liberalius
2215 2325 2285 2383 et
2315 2304 2659 2383 honestius

433 2434 446 2439 ·
553 2412 786 2484 viuere
828 2408 1027 2494 soliti,
1111 2429 1340 2477 earum
1384 2411 1685 2479 carnium
1740 2425 1962 2505 partes
2004 2408 2339 2483 donabant
2402 2412 2673 2498 amicis‚³

552 2516 859 2611 itemque
887 2511 1111 2609 epulas
1140 2505 1492 2594 faciebant,
1552 2510 1621 2580 in
1653 2509 1886 2608 quibus
1919 2538 2145 2585 earum
2179 2538 2330 2612 pars
2361 2513 2674 2587 absume:

551 2631 782 2689 retur:
885 2610 1067 2711 quod
1130 2609 1526 2704 intelligitur
1601 2611 1754 2684 loco
1826 2616 2264 2711 Xenophontis
2316 2620 2525 2690 ‘Mem
2588 2613 2658 2690 S·

553 2721 676 2803 II,
756 2741 833 2806 3,
912 2736 938 2787 1
964 2739 1016 2789 1.
1157 2717 1316 2784 Nec
1384 2709 1923 2788 coniunfflonem
1995 2718 2233 2789 harum
2302 2719 2675 2817 epularum·

555 2841 720 2889 cum
785 2817 1107 2906 religione
1160 2816 1378 2908 arguit
1417 2816 1611 2889 locus
1676 2816 1881 2889 Paulli
1956 2840 1983 2887 1
2035 2819 2183 2894 Cor.
2240 2834 2317 2903 8,
2374 2845 2478 2891 10.
2540 2818 2681 2892 vbi·

555 2918 904 3016 e‘pularum
947 2919 1183 2988 talium
1233 2919 1304 2987 in
1355 2916 1636 2992 delubro
1689 2914 1975 2991 assarum
2028 2914 2121 2991 est
2168 2945 2655 2993 commemora-

471 3073 475 3078 .
554 3020 677 3090 tio.
832 3020 1013 3087 Nam
1045 3021 1375 3115 primum,
1435 3017 1504 3088 id
1546 3044 1688 3091 non
1734 3039 2140 3120 perpetuum
2182 3019 2367 3095 fuisse
2406 3022 2656 3097 indicat

552 3119 724 3192 alter
749 3117 937 3189 locus
974 3141 1084 3202 10,
1113 3140 1225 3206 27.
1277 3115 1392 3187 vbi
1440 3119 1743 3212 profesto
1775 3147 1912 3194 non
1942 3120 2035 3195 est
2073 3126 2290 3198 sermo
2323 3124 2402 3194 de
2434 3126 2653 3221 epulis

549 3223 626 3297 in
652 3217 956 3303 delubro,
1007 3217 1191 3316 quod
1219 3218 1391 3290 iniis
1422 3214 1561 3291 {ine
1585 3222 1829 3295 indicio
1858 3222 2224 3311 constabat,
2282 3252 2324 3297 e
2358 3222 2652 3298 vistimic

553 3349 787 3398 carnes
817 3318 1174 3420 praeberiz-
1213 3315 1489 3407 deinde,
1548 3321 1640 3394 ibi
1683 3325 1912 3424 epulas
1952 3328 2117 3401 tales
2164 3331 2230 3399 in
2273 3323 2651 3424 porticibus

552 3424 1015 3511 instituebant,
1070 3419 1311 3522 quibus
1357 3420 1543 3494 domi
1585 3425 1776 3498 locus
1819 3414 2215 3502 commodus
2259 3452 2398 3498 non
2448 3423 2648 3517 effet3

551 3529 629 3600 in
655 3532 734 3598 iis
762 3547 987 3599 autem
1010 3528 1209 3598 etiam
1241 3524 1361 3596 alia
1392 3523 1683 3598 humana
1709 3534 1812 3620 agi
1846 3529 2030 3603 solita
2067 3526 2228 3618 ess‘e,
2294 3529 2434 3600 sati<
2481 3554 2649 3604 con-

550 3625 699 3700 stat.
845 3630 963 3715 Et,
1020 3626 1201 3726 quod
1230 3627 1512 3722 gentiles
1535 3626 1613 3700 ad
1642 3654 1748 3700 eas
1781 3634 2000 3726 epulas
2050 3636 2243 3704 etiam
2276 3631 2649 3710 inuitabant

485 3802 496 3812 ,
551 3730 805 3801 amicos
848 3753 889 3799 e
921 3727 1336 3812 Christianis,
1397 3754 1435 3798 a
1462 3729 1699 3826 quibus
1729 3735 1913 3802 Deos
1953 3733 2107 3804 suos
2144 3733 2437 3808 sciebant
2484 3755 2675 3807 con-²

550 3831 799 3919 temni,
852 3829 920 3901 id
947 3825 1251 3927 profesto
1279 3830 1450 3902 clare
1473 3829 1705 3913 docet,
1753 3857 1856 3902 eas
1894 3834 2060 3905 nihil
2092 3833 2438 3908 coniunsti
2485 3853 2685 3911 cum‘

548 3936 876 4027 religione
929 3930 1234 4002 habuisse.
1382 3931 1588 4028 Apud
1652 3930 1928 4004 ludaeos
1989 3955 2211 4008 autem
2274 3940 2436 4010 tales
2483 3965 2647 4036 epu.
2768 3953 2785 3966 t

547 4036 646 4108 las
670 4034 1004 4129 religiosas
1033 4028 1256 4114 fuisse,
1317 4032 1507 4108 nullo
1536 4032 1871 4106 literarum
1899 4035 2223 4111 sacrarum
2250 4038 2643 4112 testimonio

552 4135 778 4211 doceri
803 4129 1055 4238 potest:
1118 4133 1225 4218 secl
1254 4158 1298 4206 e
1315 4133 1612 4230 partibus
1638 4131 2050 4215 victimarum
2079 4142 2199 4230 iis,
2257 4131 2645 4319 quaggffi:
