2949 5023
527 438 694 505 &100
1130 475 1140 488 .
1419 435 1577 482 Au
1639 436 1827 482 τι,

525 594 1070 677 Christianorum
1096 591 1370 670 accendi
1395 594 1713 682 lumIna,'
1746 576 2130 668 inl’erioiem
2168 611 2383 670 aetate
2413 602 2652 675 Hiero·

537 708 718 805 »tymi
752 700 1063 802 putabat,
1119 694 1238 770 nifl
1279 722 1435 772 eum
1483 699 1925 790 Euangelium
1966 698 2341 790 legeretur,
2401 701 2471 771 in
2512 724 2653 798 quo

529 808 766 880 omnis
795 803 1092 875 Orientis
1126 796 1837 886 Ecclesiasluminibus
1866 796 2152 871 accenfis
2178 801 2354 885 vias,
2410 799 2492 873 ad
2524 805 2653 874 ho·

531 910 748 981 titiam
783 901 1307 998 fignificandam,
1353 902 1541 975 idem
1573 898 2252 1000 Hieronymsau&or
2282 898 2395 977 est.
2475 909 2651 979 Non

531 1007 634 1083 est
661 1005 860 1080 nobis
900 998 1284 1090 confilium,
1349 1024 1500 1076 eam
1537 999 2059 1075 controuerssam
2097 1000 2377 1076 traaare
2419 1008 2654 1107 cupio·

533 1108 679 1187 sais.
795 1111 1045 1205 Neque
1075 1107 1262 1176 enim
1289 1121 1419 1177 nos
1447 1104 1632 1178 vsum
1678 1101 2134 1192 candelarum,
2190 1105 2300 1177 vel
2325 1109 2392 1177 in
2427 1108 2488 1179 S.
2520 1111 2653 1179 Eu-

535 1204 870 1291 charistia,
931 1207 1037 1279 vel
1079 1208 1148 1277 in
1194 1206 1386 1280 sacris
1427 1199 1747 1304 publicis,
1804 1230 1928 1302 per
1970 1203 2109 1276 dies
2138 1210 2543 1280 Dominicos
2583 1223 2655 1279 et

531 1311 771 1393 festos,
834 1305 1282 1403 repudiamus.
1339 1336 1346 1343 f
1398 1306 1576 1380 Illud
1604 1302 2042 1379 existimamus
2065 1330 2206 1379 non
2237 1308 2386 1380 satis
2413 1334 2652 1395 verum

541 1408 702 1496 effe,
764 1408 950 1508 quod
980 1412 1389 1483 Mur-aterius
1416 1412 1486 1482 in
1516 1409 1640 1480 hac
1667 1406 2109 1505 disputatione
2138 1412 2265 1482 ait:
2302 1413 2446 1510 stne
2472 1414 2650 1501 lumi-

534 1519 718 1590 nibus
738 1512 1031 1611 profesto
1047 1512 1319 1605 per-affl:
1345 1516 1467 1584 noh
1489 1509 1638 1606 fuit
1670 1509 1992 1606 postrema
2019 1511 2378 1583 Salvatoris
2422 1538 2650 1588 coena:

539 1634 946 1715 quamquam
977 1613 1186 1704 vulgo
1232 1608 1470 1683 nostris
1515 1608 1902 1682 hominibus
1947 1612 2128 1684 idem
2167 1611 2465 1697 videtur,
2531 1620 2646 1713 qui

537 1716 717 1790 hanc
743 1718 970 1814 pueris
998 1719 1331 1784 rationem
1362 1707 1648 1783 reddere
1688 1712 2116 1786 candelarum
2155 1713 2527 1787 ardentium
2577 1721 2649 1791 i‘n

535 1813 941 1891 Eucharistia
967 1815 1200 1886 solent.
1299 1819 1641 1886 Homines
1670 1818 2098 1911 antiquorum
2135 1838 2376 1887 coenas
2408 1815 2645 1905 nostris

537 1917 841 1993 moribu‘s
902 1912 1365 1995 aestimant.)
1413 1922 1505 1988 At
1554 1914 1734 2012 apud
1773 1933 2029 1988 veteres
2085 1919 2154 1988 in
2193 1918 2425 1988 coenis
2468 1921 2648 1992 nulla
2704 1950 2711 1955 ·

535 2022 819 2107 lumina,
847 2016 964 2089 nist
989 2020 1058 2088 in
1091 2011 1526 2115 tempestiuis.
1573 2024 1752 2088 Nam
1771 2042 2021 2089 coenae
2047 2019 2460 2115 aliquantum
2485 2038 2645 2092 ante

535 2122 689 2195 solis
715 2118 1018 2209 occasum
1046 2115 1285 2204 saetae,
1341 2120 1792 2217 inprimisque
1818 2119 2155 2191 Paschales
2180 2134 2324 2191 tota
2363 2123 2648 2222 amplius

533 2226 702 2297 hora
731 2242 887 2293 ante
917 2220 1068 2309 solis
1097 2219 1401 2319 occasum
1419 2221 1746 2312 agitatae:
1803 2219 1983 2292 vnde
2009 2222 2159 2318 plus
2189 2220 2336 2294 satis
2377 2234 2646 2324 tempo-

537 2327 651 2408 n'a,
699 2323 868 2395 duae
898 2322 1150 2406 saltem,
1179 2337 1252 2393 vt
1279 2323 1550 2418 opinor,
1589 2318 1791 2394 nostri
1817 2320 2076 2401 moduli
2109 2323 2334 2410 horae,
2362 2323 2441 2396 ad
2459 2349 2646 2397 com-

531 2416 882 2499 edendum
906 2420 1274 2496 Paschalem
1303 2444 1586 2519 agnum,
1658 2440 2017 2524 antequam
2050 2423 2410 2499 luminibus
2463 2452 2643 2526 opus

540 2523 719 2602 esset.
835 2529 1055 2600 Immo
1095 2530 1224 2599 aut.
1239 2528 1606 2598 memoriae
1642 2529 1957 2624 antiquae
1983 2525 2391 2626 vsurpandae
2428 2526 2645 2602 cauffa

535 2633 794 2705 lumina
819 2625 1119 2701 adhiberi
1162 2642 1440 2728 coepta,
1495 2626 1680 2728 quod
1719 2631 1949 2728 primis
1993 2627 2448 2726 temporibus,
2510 2633 2640 2705 sae-

535 2730 869 2804 vientibus
897 2732 964 2804 in
991 2727 1389 2802 Christianos
1426 2732 1761 2827 tyrannis»,
1829 2756 1956 2830 per
1982 2728 2539 2804 nostis·tenebras
2568 2748 2642 2805 et

531 2828 872 2904 filentium
914 2848 1298 2905 conuentus
1330 2827 1484 2903 fasti
1511 2827 2061 2918 Christianorum,
2120 2848 2192 2904 et
2238 2831 2642 2907 Eucharistia

445 3011 450 3018 ,
536 2930 619 3005 ad
647 2934 896 3003 lumina
925 2929 1289 3020 celebrata,
1343 2934 1454 3004 vel
1483 2934 1765 3007 laetitiae
1805 2932 2051 3019 cauffa,
2114 2959 2312 3032 quam
2354 2952 2424 3007 et
2454 2955 2643 3008 nunc

536 3031 905 3107 luminibus
939 3029 1224 3104 accensis
1254 3028 1472 3104 testari
1503 3031 1785 3107 mos-est.
1905 3045 2218 3123 Quorum
2249 3036 2640 3111 vtrumlibet

535 3150 798 3219 tenea,
856 3131 1029 3207 nihil
1058 3131 1312 3205 habent
1337 3129 1586 3204 lumina
1610 3136 1680 3204 in
1708 3134 2110 3210 Eucharistia
2136 3140 2436 3230 accensa,
2493 3164 2636 3240 quo

491 3269 496 3280 ·
529 3234 882 3342 prudentis
926 3237 1184 3308 animus
1229 3228 1635 3308 offendatur.
2696 3235 2702 3243 “

674 3433 986 3540 Sequitur
1018 3439 1296 3525 oblatio,
1323 3460 1521 3535 quam
1552 3461 1589 3507 a
1625 3435 1898 3509 Luthero
1928 3434 2267 3526 abolitam,
2294 3453 2366 3510 et
2380 3437 2635 3514 abomi-

522 3541 815 3615 nationis
841 3540 1048 3616 verbo
1079 3543 1485 3625 infamatam,
1537 3536 1705 3611 adeo
1734 3535 2130 3638 indignatur,
2160 3555 2231 3611 vt
2258 3539 2632 3638 superbiam
2703 3557 2707 3566 ’

423 3717 428 3728 ,
528 3658 602 3716 et
632 3642 960 3730 furorem,
1006 3658 1077 3716 et
1103 3643 1605 3742 impotentiam,
1654 3658 1726 3711 et
1751 3644 2234 3730 temeritatem,
2282 3661 2353 3713 et
2381 3647 2629 3731 omnia,

525 3747 590 3817 ei
620 3742 997 3843 exprobret.
1144 3750 1335 3816 Haec
1375 3757 1559 3815 tanta
1599 3743 1767 3815 mala
1809 3744 2034 3815 omnia
2059 3745 2414 3844 comprimi
2443 3743 2630 3845 poss‘e

421 3896 436 3916 ,
523 3861 749 3946 putat,
820 3849 1018 3918 vuius
1075 3846 1403 3919 Clementis
1445 3848 1719 3917 Romani
1782 3841 2198 3928 testimonio,
2280 3847 2397 3943 qui
2452 3872 2628 3944 quae

520 3946 789 4034 dixerit,
841 3973 937 4034 ea,
968 3960 1041 4019 vt
1067 3944 1149 4018 ab
1178 3942 1329 4045 ipsis
1357 3942 1696 4044 Apostolis
1724 3942 2057 4043 profesta,
2105 3945 2448 4046 probanda
2476 3944 2621 4020 ess‘e.

521 4050 716 4136 Quid
737 4074 904 4142 ergo
931 4046 1119 4121 estin
1146 4050 1485 4123 Clementis
1525 4042 1960 4120 testimonio?
2063 4050 2311 4120 Omnia
2343 4050 2624 4130 Clemens

514 4154 607 4226 ait
652 4158 775 4250 (in
803 4147 999 4255 Epist.
1027 4156 1079 4226 1.
1107 4175 1178 4254 p.
1199 4175 1290 4228 m.
1326 4152 1482 4247 52.)
1524 4173 1611 4233 eo
1642 4147 1877 4226 ordine
1915 4148 2171 4249 agenda
2199 4148 2361 4242 else,
2416 4172 2620 4249 quern

1679 4277 1687 4287 ·
2425 4274 2613 4355 prae-
