2949 5023
567 377 709 457 284
1018 381 1440 438 vmmcuss
1507 358 1886 432 ,annum
1930 378 2214 429 mvn-1

561 548 1035 647 septentrione
1062 529 1402 642 Europae,
1464 569 1502 613 a
1528 538 1769 638 quibus
1812 566 1993 614 nunc
2020 541 2239 613 omnis
2280 562 2505 637 prope
2534 541 2666 610 Eu·

560 668 745 748 ropa‘
774 669 1057 722 tenetur.
1202 650 1296 720 Hi
1336 643 1587 715 adsueti
1632 642 2067 737 religionibus
2109 643 2214 713 vel
2255 640 2503 713 nullius
2556 638 2667 713 vel

559 779 915 852 paucarum
949 749 1492 828 cerimoniarum,
1547 746 1876 818 faciliores
1906 744 2118 816 futuri
2147 758 2335 815 erant
2361 741 2441 814 ad
2471 745 2667 813 Sacra

562 844 922 927 Christiana
954 848 1377 947 suscipienda,
1442 845 1486 919 fi
1518 848 1806 944 ipsorum
1841 846 2138 919 moribus
2168 863 2238 915 et
2264 841 2667 940 simplicitati

561 954 775 1028 elsent
806 955 927 1027 hac
950 981 1028 1026 ex
1061 968 1246 1053 parte
1274 948 1613 1020 simillima.
1670 952 1758 1020 Et
1784 953 2146 1019 memoriae
2177 946 2518 1044 proditum
2543 940 2660 1029 est,

560 1057 880 1154 quosdam
907 1064 1102 1129 etiam
1132 1072 1272 1124 tam
1314 1054 1533 1150 paucis
1567 1054 2010 1122 sacramentis
2049 1046 2376 1131 offensos,
2442 1064 2513 1118 et
2543 1043 2660 1117 dif-

522 1238 529 1247 ‚
558 1158 867 1231 ficiliores
897 1157 975 1226 ad
1005 1152 1485 1227 ass'entiendum
1531 1148 1739 1224 faaos
1766 1149 2002 1224 fuilseV
2126 1150 2310 1251 Quid
2352 1149 2657 1221 futurum

560 1276 728 1345 erat,
774 1258 818 1329 fi
850 1260 1080 1348 religio
1113 1251 1381 1341 Christi,
1433 1259 1572 1350 pari
1604 1279 1758 1328 cum
1786 1271 2014 1326 vetere
2041 1251 2304 1324 Iudaica
2331 1254 2663 1323 comitatu

555 1365 805 1432 rituum
836 1356 1090 1457 stipata,
1136 1363 1214 1430 iis
1247 1357 1308 1427 se
1341 1353 1729 1428 obtulisset?
1818 1356 1945 1428 Sed
1974 1356 2168 1441 haec,
2220 1354 2472 1425 cumin
2501 1375 2663 1423 con·

520 1500 527 1506 ·
556 1457 803 1531 iefiiura
827 1458 972 1545 (int,
1003 1482 1201 1557 quam
1233 1462 1298 1529 in
1333 1475 1586 1552 partem
1616 1450 2046 1553 accipiantur,
2078 1482 2218 1529 non
2249 1476 2662 1551 magnopere

552 1561 943 1635 laboramus,
1010 1562 1214 1633 'lll'ud
1240 1559 1512 1659 quidem
1547 1556 1682 1633 fine
1706 1559 2123 1632 dubitatione
2186 1582 2450 1654 proque
2480 1570 2660 1627 certa

552 1689 655 1746 re,
696 1666 852 1759 licet
878 1659 1241 1750 affirmare,
1285 1668 1353 1734 in
1384 1684 1635 1754 magno
1672 1660 2001 1734 beneficio
2031 1662 2351 1733 bonitatis
2399 1658 2660 1730 diuinae

549 1766 944 1865 ponendum
975 1763 1136 1847 effe,
1201 1764 1385 1861 quod
1415 1763 1777 1861 nec-prisca
1804 1767 1904 1836 illa
1936 1783 2070 1835 tam
2100 1758 2380 1837 molesta
2407 1762 2663 1833 rituum

550 1868 912 1939 multitudo
942 1865 1199 1952 mansit,
1251 1891 1379 1935 nec
1418 1870 1487 1938 in
1518 1890 1752 1939 eorum
1780 1868 2012 1938 locum
2037 1866 2158 1947 alii,
2203 1866 2347 1960 pari
2379 1879 2494 1935 aut
2523 1887 2659 1932 ma-

550 1973 678 2042 iori
713 1994 995 2043 numero
1039 1965 1425 2053 successere,
1489 1982 1736 2058 agente
1778 1971 1979 2040 etiam
2020 1968 2155 2038 hoc
2206 1967 2521 2065 sapientia
2563 1962 2658 2034 di-

550 2079 739 2155 vina,
792 2089 861 2142 vt
888 2073 1195 2143 homines
1228 2073 1434 2162 magis
1462 2095 1498 2139 a
1531 2067 1929 2140 senlibilibus
1957 2065 2245 2153 abduffl,
2310 2070 2381 2139 in
2429 2091 2659 2138 rerum

550 2172 1073 2263 intelligibilium
1098 2190 1166 2242 et
1194 2172 1573 2244 diuinarum
1603 2174 2009 2263 cogitatione
2047 2188 2233 2243 totos
2279 2168 2347 2243 se
2375 2168 2657 2243 colloca·

548 2293 721 2348 tent.
774 2277 919 2349 Gal.
947 2274 1075 2363 IV,
1114 2301 1166 2344 r.
1215 2275 1369 2347 Aa.
1396 2274 1556 2359 XV,
1594 2296 1699 2343 10.
1763 2278 1852 2345 Io.
1891 2275 2007 2357 IV,
2042 2297 2303 2359 23.·24.
2437 2276 2660 2343 -Huuc

550 2378 781 2449 locum
811 2383 1022 2477 miror
1048 2404 1084 2449 a
1118 2376 1377 2467 Capella
1404 2378 1585 2446 inter
1612 2382 2111 2474 praerogatiua:
2138 2376 2303 2447 Eccl.
2335 2375 2425 2447 N.
2453 2375 2525 2446 '11
2537 2375 2658 2471 ste·

536 2504 672 2574 pra
703 2493 977 2553 veterem
1003 2483 1348 2557 Iudaicam,
1375 2473 1507 2549 esse
1535 2473 2079 2574 praetermiss‘um.
2156 2483 2344 2549 Nam
2381 2478 2657 2576 Wtfius

546 2583 782 2654 Oeten.
809 2584 940 2668 IV,
981 2607 1006 2651 1
1026 2607 1085 2668 5.
1143 2579 1326 2676 quod
1353 2597 1559 2679 caput
1585 2576 1677 2649 est
1702 2588 1776 2654 de
1802 2585 1975 2652 bonis
2006 2583 2095 2654 N.
2135 2583 2203 2652 T
2245 2580 2519 2662 leuiter,
2581 2594 2659 2652 vt
2695 2615 2712 2630 ’-

547 2665 688 2770 alii,
747 2682 828 2754 ab
859 2709 936 2756 ea
974 2697 1167 2782 parte
1194 2684 1416 2772 attigit
1438 2737 1453 2765 ,
1519 2705 1688 2778 quae
1713 2680 1794 2753 ad
1823 2679 2232 2754 Iudaicarum
2261 2682 2656 2752 cerimonia·

442 2779 459 2786 *
546 2810 696 2855 rum
729 2785 1239 2868 abrozationem
1269 2786 1584 2883 pertinet.
1688 2782 1818 2857 Sed
1862 2782 1944 2853 ad
1985 2800 2284 2857 veterem
2322 2782 2502 2855 illam
2542 2788 2655 2854 Iu-

547 2885 802 2958 daicam
841 2889 1204 2959 veniamus·
2754 2879 2758 2883 ’

694 3012 808 3074 9ς.
912 2993 995 3057 ln
1056 3013 1188 3080 qua
1228 2993 1512 3059 maxime
1555 2983 1993 3061 offenduntur
2037 2985 2388 3058 aduersarii
2432 2981 2659 3069 nostri,

545 3104 826 3187 propter
858 3088 964 3157 illa
992 3086 1363 3173 arbitraria,
1423 3115 1593 3185 quae
1624 3094 1694 3161 in
1724 3115 1800 3162 ea
1824 3090 2048 3162 insunt
2082 3090 2385 3187 plurima.
2525 3086 2659 3175 Sed

549 3214 787 3260 eornm
820 3213 959 3258 non
993 3186 1201 3259 modo
1233 3214 1308 3257 ea
1339 3185 1431 3260 est
1456 3194 1830 3277 innocentia,
1886 3208 1959 3262 vt
1992 3190 2125 3262 fine
2154 3187 2314 3262 iusta
2344 3185 2551 3260 caussa
2575 3192 2654 3261 iis

549 3289 989 3364 offendantur
1016 3290 1323 3360 homines
1343 3345 1361 3373 ,
1409 3289 1520 3360 sed
1547 3295 1747 3364 etiam
1756 3294 2138 3391 fixlubritas,
2186 3308 2259 3364 vt
2285 3288 2653 3363 honorifica

546 3390 674 3466 sint
706 3410 778 3464 et
805 3395 1151 3486 religioni,
1203 3409 1272 3466 et
1295 3389 1550 3465 austori
1577 3400 1749 3467 Deo.
1849 3398 2210 3468 Innocentio
2238 3390 2502 3491 quidem
2552 3409 2651 3463 ta·

545 3497 716 3568 lium
749 3494 1199 3567 institutorum
1240 3497 1543 3566 cernitur
1585 3500 1651 3567 in
1683 3498 1852 3581 hoc,
1913 3495 1960 3568 si
1996 3500 2062 3567 in
2103 3498 2213 3584 iis,
2279 3517 2657 3591 eorumque

545 3598 1070 3694 vsurpandorum
1103 3595 1344 3680 modo,
1404 3597 1575 3669 nibil
1604 3595 1731 3685 est,
1792 3600 1979 3695 quod
2024 3615 2282 3695 pugnet
2310 3620 2469 3668 cum
2512 3599 2658 3695 pie-

545 3714 682 3770 tate
714 3703 782 3769 in
814 3705 1068 3784 Deum,
1135 3716 1206 3770 et
1233 3697 1313 3772 ad
1343 3723 1491 3770 eam
1521 3701 1624 3772 vel
1652 3703 2161 3797 per-uertendum
2194 3695 2364 3771 falsis
2396 3702 2660 3796 opinio·

544 3802 766 3888 nibus,
812 3800 917 3868 vel
947 3800 1443 3895 impediendam
1472 3820 1544 3874 et
1573 3803 2037 3874 debilitandam
2068 3806 2135 3872 in
2161 3803 2394 3875 animis
2425 3801 2655 3873 huma·-

545 3909 651 3975 nis
687 3898 1044 3973 necess‘ario
1071 3904 1314 3986 valeat3
1422 3904 1465 3976 ss
1496 3931 1704 4004 porro
1722 3905 1933 3987 hihil,
2002 3903 2185 4002 quod
2210 3904 2476 3976 virtutis
2509 3903 2660 3974 reli·

546 4032 714 4102 quae
765 4007 1106 4075 veritatem
1168 4003 1509 4096 obscuret,
1593 4010 1866 4102 eiusque
1924 4005 2377 4079 necestitatom
2445 4005 2660 4078 tollat.

546 4111 992 4184 salubritatem
1030 4127 1242 4209 porro
1284 4105 1565 4194 habent,
1623 4106 1672 4180 fi
1708 4112 1779 4181 in
1817 4111 1895 4181 iis
1937 4106 2035 4181 est
2075 4107 2420 4209 disciplina
2461 4130 2658 4177 verae

2393 4206 2656 4306 sapien·
