2949 5023
641 386 792 469 498
1048 393 1143 440 nn
1199 388 1622 473 ava-nura
1676 384 2304 434 :catamerica

647 554 719 628 di
750 554 998 627 aliosne
1024 549 1138 624 fibi
1175 546 1611 649 impetranda.
1654 614 1683 643 0
1710 551 1819 620 Sic
1866 543 2208 645 quondam
2238 539 2564 618 Praelidea
2596 569 2763 642 pro-

648 659 1015 729 vinciarum
1057 659 1506 726 Romanarum
1561 652 1708 722 auri
1745 647 1993 720 Iudaici
2030 647 2565 746 exportationem
2610 673 2760 720 non

650 759 961 840 tulerant,
1006 771 1081 828 νε
1108 760 1176 826 in
1212 751 1363 826 Asia
1396 756 1671 827 Flaccus
1697 749 1875 849 apud
1905 751 2304 821 Ciceronem
2333 764 2404 820 et
2430 748 2562 831 alii,
2601 744 2761 845 post

648 858 991 942 Caesares;
1036 855 1145 927 sed
1187 871 1260 926 νε
1297 855 1389 927 ad
1419 857 1738 927 aerarium
1767 851 2091 939 Ciuitatis,
2139 849 2247 921 sed
2287 865 2360 921 νε
2399 848 2483 921 ad
2518 848 2758 923 fiscum

651 960 936 1037 Caesaris
981 961 1265 1032 veniret.
1367 957 1710 1027 Lutherua
1751 971 1976 1025 autem
2004 975 2152 1024 eam
2176 953 2544 1039 auaritiam,
2590 977 2756 1027 cum

649 1062 967 1138 omnibus
1003 1064 1097 1131 rei
1139 1058 1473 1130 vniuersae
1503 1058 1698 1139 vitiis,
1747 1080 1909 1127 vero
1946 1069 2018 1125 et
2060 1056 2325 1145 integro
2366 1056 2593 1127 animo
2625 1079 2755 1153 op-

649 1187 958 1264 pugnare
1008 1155 1398 1246 instituerat‚
1444 1158 1614 1230 nihil
1655 1171 1772 1228 aut
1817 1157 1913 1228 sui
1953 1155 2285 1254 priuatim,
2328 1169 2443 1226 aut
2472 1154 2754 1228 Ordinis

649 1267 744 1339 sui
776 1266 1230 1337 communiter
1269 1257 1598 1358 {pestana
1647 1257 1815 1331 nihil
1854 1256 2140 1354 denique
2177 1258 2477 1341 humani,
2518 1259 2754 1329 omnia

652 1368 895 1448 diuina,
943 1383 1012 1437 et
1055 1390 1210 1436 cum
1250 1366 1521 1433 veritate
1561 1355 1897 1431 doaz-inae
1937 1359 2403 1452 Euangelieae,
2454 1382 2755 1456 cumque

655 1469 861 1541 salute
887 1468 1256 1539 animarum
1299 1466 1745 1544 humanarum
1773 1455 2159 1540 coniunfhn
2215 1458 2421 1555 idque
2463 1459 2755 1558 loquun-

653 1588 769 1643 tur
801 1567 1061 1640 nobilea
1093 1568 1237 1639 illae
1262 1564 1539 1650 TheseS,
1567 1561 1807 1662 quibus
1834 1559 2295 1661 proponendis
2324 1561 2579 1634 bellum
2602 1587 2757 1634 aua·

658 1674 844 1745 ritiae
871 1687 938 1742 et
967 1665 1401 1761 superstitioni
1432 1662 1770 1738 vniuersse
1800 1662 2242 1736 denunciauit.
2338 1669 2591 1759 Neque
2616 1663 2756 1735 hoc

657 1794 870 1846 vnum
915 1768 1179 1865 agebat,
1227 1785 1300 1840 vt
1329 1768 1675 1866 plerisque
1712 1765 2013 1838 videmus
2057 1765 2351 1863 placere,
2411 1763 2521 1836 sed
2561 1765 2757 1861 plura

659 1872 857 1946 etiam
886 1894 956 1943 et
988 1874 1236 1942 maiora
1259 1868 1557 1967 petebat,
1587 1866 1909 1939 summam
1937 1865 2308 1940 minei-sam
2338 1868 2434 1936 rei
2459 1862 2756 1965 postmo-

656 1974 826 2047 dum
868 1970 1082 2053 astae,
1138 1974 1177 2043 i.
1207 1995 1259 2040 e.
1306 1969 1645 2042 vniuersae
1682 1968 2048 2066 tyrannidis
2084 1972 2424 2039 Romanae
2465 1963 2756 2040 euerfio·

654 2101 817 2150 nem
846 2092 916 2146 et
945 2069 1282 2143 dostrinae
1308 2070 1823 2170 disciplinaeque
1868 2067 2171 2169 publicae
2215 2068 2759 2143 emendationem

654 2175 1048 2249 nmine-sam.
1150 2180 1336 2246 Nam
1367 2190 1437 2244 et
1462 2198 1570 2243 res
1600 2173 1755 2271 ipsa,
1797 2196 1966 2267 quae
1998 2169 2529 2272 impugnabatur,
2558 2171 2759 2243 habe-

653 2274 774 2349 bat
802 2299 1111 2370 magnam
1138 2299 1296 2347 cum
1324 2267 1640 2346 vniuerfis
1671 2270 1995 2344 Ecclesiae
2020 2278 2360 2345 Romanae
2388 2274 2765 2346 rationibus

661 2378 1186 2477 copulationem,
1222 2391 1290 2448 et
1318 2373 1474 2473 ipse,
1520 2375 1655 2448 hoc
1697 2374 1762 2445 se
1806 2372 2009 2466 egisse
2046 2377 2270 2447 animo
2316 2392 2386 2448 et
2430 2371 2757 2474 spestass‘e,

657 2483 731 2555 in
782 2477 1065 2581 epistolis
1108 2475 1189 2549 ad
1215 2478 1626 2576 Spalatinum
1668 2472 2049 2578 profitetur.
2146 2484 2308 2566 Quo
2349 2478 2565 2570 magis
2603 2481 2758 2551 Deo

658 2586 786 2656 viri
825 2599 896 2656 et
942 2577 1282 2653 confilium
1329 2594 1398 2651 et
1436 2599 1716 2652 conatus
1756 2577 2027 2677 placuit,
2075 2581 2187 2677 qui
2217 2577 2527 2678 profesto
2556 2582 2764 2653 etiam
2860 2667 2871 2676 „

544 2743 550 2754 .
663 2689 727 2756 ei
768 2700 838 2757 et
876 2685 1047 2756 hanc
1086 2699 1388 2754 mentem
1417 2684 1747 2767 iniecerat,
1800 2695 1870 2752 et
1898 2682 2073 2753 hanc
2096 2684 2301 2754 ¹animi
2332 2684 2466 2754 vim
2494 2680 2766 2780 inspira·

664 2804 866 2867 verat,
910 2802 981 2857 vt
1019 2801 1284 2858 tantum
1325 2808 1497 2855 onus
1542 2800 1612 2856 et
1653 2781 1975 2882 suscipere
2014 2778 2292 2876 gestiret,
2334 2799 2404 2858 et
2430 2780 2514 2854 ad
2544 2785 2764 2855 extre-

661 2909 855 2959 mum
899 2908 1112 2976 Vsque
1160 2883 1517 2959 sustineret.
1618 2889 1855 2983 Itaque
1895 2910 1998 2954 res
2041 2885 2273 2958 habuit
2312 2883 2502 2956 illum
2545 2911 2762 2958 euen-

659 3000 829 3068 tum,
873 3011 1077 3083 quem
1104 2985 1555 3061 admirabundi
1579 2984 1801 3058 videre
1829 2992 2133 3072 maiores,
2158 2987 2339 3078 cuius
2361 2988 2765 3060 memoriam

659 3099 787 3162 nos
831 3084 1279 3182 fruflumque,
1325 3084 1375 3157 si
1419 3084 1687 3183 quidem
1718 3093 1886 3181 grati
1917 3088 2158 3173 sumus,
2204 3084 2597 3162 etbeneficii
2619 3114 2761 3161 ma-

658 3188 1083 3287 gnitudinem
1117 3210 1355 3287 capere
1379 3185 1744 3287 poffumu8‚
1786 3189 1942 3261 laeti
1969 3189 2403 3265 celebramus.

810 3386 1245 3474 Arbitramnr.
1294 3414 1434 3462 non
1478 3393 1770 3465 alienum
1802 3418 1930 3465 nos
1975 3391 2265 3467 fasturos
2309 3392 2391 3467 ab
2422 3393 2547 3466 hoc
2573 3393 2756 3465 ceri·

659 3495 930 3565 moniae
973 3488 1287 3563 crastinae
1327 3493 1667 3592 praefandi
1705 3490 1969 3582 officio,
2018 3510 2087 3567 et
2124 3495 2202 3568 ab
2249 3496 2452 3580 imus,
2497 3494 2576 3567 de
2618 3521 2764 3595 qua

662 3589 958 3679 diximuS,
1010 3599 1104 3665 rei
1133 3596 1470 3681 memoria,
1515 3592 1563 3666 {i
1596 3594 1755 3694 quid
1797 3597 1882 3667 de
1906 3595 2200 3669 vniuersa
2223 3601 2513 3684 auaritia,
2560 3615 2635 3670 νε
2662 3600 2762 3670 ita

573 3747 580 3754 .
660 3687 972 3777 dicamus,
1026 3693 1459 3780 ecclesiastica,
1491 3697 1672 3768 cuius
1708 3715 1852 3769 tum
1885 3713 2135 3795 partem
2166 3703 2360 3797 petiit
2391 3699 2757 3782 Lutherus,

647 3807 858 3892 pauca
890 3789 1281 3869 differamus.
1377 3806 1536 3870 Nec
1566 3798 1883 3873 abhorret
1907 3824 1981 3871 ea
2004 3800 2363 3898 disputatio
2394 3827 2431 3872 a
2457 3799 2763 3898 praesen·

652 3896 739 3966 tis
769 3898 1089 3992 temporis
1122 3898 1514 3978 rationibus,
1562 3897 1818 3995 quibus,
1855 3904 1924 3971 in
1956 3901 2091 3996 ipsa
2119 3898 2410 3974 Ecclefia
2436 3907 2761 3986 Romana,

647 3996 880 4072 multia
920 3997 1244 4098 partibus,
1288 3999 1678 4099 praesertim
1718 4006 1788 4075 in
1827 4005 2126 4092 Francia,
2177 4006 2247 4076 in
2289 4005 2600 4078 omnium
2634 4026 2759 4075 ore

2500 4215 2513 4230 ἢ
2640 4101 2762 4192 est,
