2949 5023
631 386 719 430 ΙΝ
795 386 1240 439 mammam:
1295 391 1921 443 cousrxrvznnA
2177 397 2322 471 225

235 543 799 642 quam'religionis
829 541 1038 616 caussa
1065 544 1453 624 sancitaest:
1488 565 1715 626 tamen
1746 551 2065 631 hastenus
2092 557 2327 635 referri

235 648 317 720 ad
343 647 734 738 religionem
765 644 952 743 poll'e
994 647 1309 733 videatur,
1356 650 1540 747 quod
1586 658 1901 749 quicquid
1932 664 2112 732 Deus
2141 681 2322 760 prae·

235 750 396 845 cipit
432 773 514 818 ac
537 762 745 832 vetat,
793 750 861 818 in
914 774 1000 820 eo
1030 750 1131 823 vel
1172 751 1474 828 faciendo
1505 756 1607 824 vel
1642 758 2177 850 vitandoreligio
2207 762 2324 839 est.
2360 763 2364 772 ’

228 858 456 947 Atque
477 875 520 919 a
550 847 801 920 ludaeis
833 850 1108 946 quidem.
1129 858 1322 923 omni
1352 870 1685 953 tempore,
1732 865 1811 932 ’,νε
1837 877 2087 938 ceteras
2110 866 2202 941 ,de
2230 871 2320 942 cie

225 951 472 1026 borum
498 948 872 1021 discrimine
900 952 1103 1044 leges,
1145 952 1228 1026 ad
1255 955 1649 1048 religionem
1697 961 1988 1045 relatam,
2032 982 2101 1036 et
2128 966 2323 1062 super

227 1080 298 1125 ea
324 1053 406 1128 ab
438 1048 786 1147 Apostolis,
814 1055 987 1130 hanc
1012 1053 1212 1151 ipsam
1243 1053 1332 1127 ob
1359 1056 1662 1134 caussam.
1690 1060 2035 1136 decretum
2068 1065 2320 1144 fastum

225 1151 373 1237 effe,
422 1151 600 1244 (Aft'.
628 1155 709 1224 X
712 1151 818 1246 V)
855 1155 1000 1225 satis
1032 1153 1305 1228 constat.
1405 1159 1535 1230 Sed
1566 1164 1880 1256 quoniam
1913 1183 2134 1237 tamen
2166 1195 2322 1265 prod

223 1262 373 1353 prie
404 1280 544 1328 non
577 1257 875 1349 pertinet
892 1257 972 1326 ad
998 1259 1413 1349 religionem,
1447 1277 1534 1331 ‘et
1562 1265 1690 1331 Dei
1722 1264 1987 1336 colendi
2017 1268 2321 1356 modum,

224 1361 443 1428 necin
474 1384 547 1428 ea
575 1356 826 1450 aliquid
853 1355 947 1426 est
976 1375 1096 1427 aut
1111 1357 1529 1454 obscuritatis
1555 1379 1670 1432 aut
1699 1357 2130 1457 difficultatis,
2169 1373 2319 1469 plu·

220 1485 294 1531 ra
317 1457 403 1530 de
443 1482 521 1529 ea
555 1457 772 1528 dicere
802 1458 965 1530 nihil
996 1462 1253 1530 attinet.
1375 1531 1376 1534 ,

377 1683 497 1751 42.
567 1661 958 1752 Sequuntur
1010 1664 1130 1738 duo
1172 1662 1252 1731 V.
1295 1666 1384 1733 T.
1425 1665 1863 1751 Sacramenta,
1933 1671 2320 1775 Cirrumcifio

224 1761 610 1836 Abrahaino
639 1756 728 1829 sic
751 1777 1119 1857 praecepta,
1163 1776 1233 1831 vt
1259 1762 1339 1832 ad
1377 1788 1653 1835 omnem
1696 1770 1843 1839 eius
1869 1767 2322 1866 posteritatem

222 1875 742 1963 propagaretur,
787 1877 858 1931 et
897 1863 1074 1957 Agna·
1111 1865 1418 1957 Pafilzalis
1458 1868 1768 1963 epulum,
1837 1895 1961 1967 per
1996 1874 2240 1945 Mosen
2284 1904 2323 1948 ι
2396 1923 2401 1926 =

225 1971 417 2044 Deo,
479 1958 597 2034 sub
640 1964 884 2032 exitum
926 1964 1368 2034 Israelitarum
1407 1992 1484 2037 ex
1525 1978 1880 2067 Aegypto,
1929 1973 2326 2065 institutum,

171 2049 184 2072 ⁸
224 2067 348 2137 hac
377 2066 545 2155 lege,
591 2078 663 2134 vt
688 2088 765 2132 ea
796 2066 1160 2150 cerimonia
1204 2062 1365 2135 esset
1405 2087 1731 2165 perpetua
1767 2090 1834 2143 et
1872 2079 2322 2151 anniuersaria.

223 2172 298 2239 In
327 2182 616 2263 Vtroque
644 2161 768 2235 esse
799 2183 1054 2260 partem
1081 2163 1421 2254 religionis
1445 2196 1746 2261 magnae,
1789 2198 1913 2244 nec
1938 2174 2079 2248 sine‘
2096 2179 2322 2252 salutis
2426 2191 2433 2197 '

226 2266 566 2365 dispendio
598 2265 1067 2359 negligendae:
1113 2265 1217 2363 sed
1247 2294 1282 2337 a
1312 2289 1498 2365 parte
1514 2276 1641 2343 Dei
1668 2275 2091 2358 voluntariae,
2110 2280 2206 2352 ,de
2234 2307 2323 2355 eo

224 2373 566 2441 neminem
594 2366 875 2438 arbitror
900 2365 1241 2439 dubitare:
1287 2395 1509 2466 neque
1538 2370 1645 2461 est,
1672 2374 1856 2468 quod
1886 2379 2145 2452 hancin
2179 2408 2324 2479 par-

224 2487 367 2544 tem
415 2467 862 2566 disputemus:
911 2484 982 2543 et
1025 2468 1283 2541 dicetur
1326 2475 1566 2573 aliquid
1612 2477 1799 2565 infra,
1836 2481 1894 2575 §.
1924 2505 2040 2573 55.
2084 2484 2189 2555 sed
2233 2507 2322 2554 ne

223 2573 412 2645 hunc
435 2572 518 2642 de
553 2574 987 2643 sacramentis
1019 2578 1096 2644 V.
1132 2578 1217 2645 T.
1250 2574 1474 2648 locum
1508 2574 1641 2647 line
1666 2581 1880 2676 aliqua
1907 2584 2051 2652 vtili
2079 2581 2321 2654 studio—

222 2674 306 2747 ἧς
348 2673 812 2747 obseruatione
855 2670 1296 2758 dimittamuS,
1348 2703 1489 2769 age,
1537 2703 1658 2775 per
1699 2681 1871 2755 hanc
1905 2680 2322 2758 occasionem

147 2854 150 2873 ὦ
222 2774 580 2855 videamuS,
621 2799 702 2845 an
732 2774 977 2870 aliquid
1008 2776 1172 2846 lucis
1201 2772 1437 2849 afferre
1464 2780 1960 2876 polimitis-loco
1988 2787 2052 2851 in
2089 2787 2321 2858 Theo-

221 2880 404 2969 logia
454 2901 591 2949 non
634 2876 953 2966 ignobili,
999 2892 1068 2945 et
1113 2872 1666 2972 disputationibus
1709 2904 1786 2952 ac
1824 2879 2319 2960 djfl'enflonibus

224 2980 750 3067 Theologorum
784 2975 1158 3048 nostrorum
1187 2985 1460 3068 agitatu,
1489 2988 1560 3056 de
1593 3006 1665 3053 re
1684 2985 1920 3079 coelesti
1968 2991 2331 3077 (materiam—

220 3082 435 3173 vulgo
469 3096 729 3160 vocant,
779 3080 1104 3152 latinitate
1136 3078 1522 3167 scholastica,
1573 3108 1713 3155 non
1745 3088 2078 3162 Romana:
2131 3094 2322 3164 cuius

217 3183 470 3259 inscitia
514 3198 586 3252 et
628 3180 760 3275 ipsa
802 3181 1234 3252 conturbauit
1276 3184 1675 3277 Theologos
1741 3190 2029 3281 multos)
2088 3196 2323 3266 Sacra-

215 3300 563 3361 mentorum
604 3280 684 3356 V.
712 3270 792 3354 T.
815 3280 1113 3355 lenenses
1140 3283 1866 3379 quidem‘Theologos,
1915 3289 2126 3376 video,
2177 3316 2323 3362 non

220 3387 584 3481 agnoscere
628 3389 696 3455 in
732 3390 811 3455 V.
850 3385 936 3454 T.
961 3408 1105 3454 rem
1147 3384 1537 3472 coelestem,
1584 3405 1657 3460 vt
1688 3393 2100 3474 Himmelium,
2153 3395 2323 3464 Ger·

221 3491 509 3571 bardum,
561 3488 916 3583 Musaeum,
963 3488 1312 3570 Bainun»,-
1354 3515 1553 3585 quarn
1597 3493 2003 3585 opinionem,
2050 3516 2190 3563 non
2227 3496 2319 3565 vi-

223 3588 383 3673 deo,
443 3587 791 3684 quomodo
835 3589 984 3660 satis
1024 3590 1382 3661 conciliare
1436 3586 1669 3687 poffim
1717 3615 1874 3661 cum
1916 3617 2068 3664 vera
2107 3598 2327 3667 Sacra-

221 3691 442 3761 menti
473 3690 770 3772 untione,
815 3694 883 3761 in
915 3715 1042 3785 qua
1087 3692 1447 3785 requiritur
1477 3686 1779 3786 profesto
1809 3693 2023 3789 aliqua
2049 3699 2329 3768 coniun-

223 3788 363 3862 Eho
393 3792 488 3860 rei
523 3786 774 3860 visibilis
803 3815 958 3862 cum
991 3789 1328 3864 beneflciis
1358 3789 1748 3863 coelestibus
1777 3810 1850 3864 et
1876 3818 2047 3866 cum*
2065 3798 2329 3890 religio·-

222 3917 337 3976 ne,
389 3915 518 3961 nec
559 3886 695 3960 sine
738 3916 814 3961 ea
840 3898 1359 3980 Sacramentum,
1410 3893 1594 3989 quod
1638 3900 1919 3993 propi-iq
1952 3895 2229 3968 dicimus
2259 3901 2325 3966 in

225 4013 371 4065 arte
413 4017 489 4062 ac
528 3989 777 4076 schola,
827 3994 1127 4089 intelligi,
1175 4014 1247 4067 vt
1292 3998 1574 4092 opinor,
1636 3996 1876 4094 potest.
1979 3998 2105 4067 Sed
2153 4002 2329 4069 viros

228 4091 638 4168 dostiffimos
687 4096 754 4163 in
795 4092 1275 4170 dubitationem
1319 4095 1588 4183 adduxit
1628 4123 1774 4171 non
1816 4099 1959 4170 satis
2002 4093 2330 4170 intellesta

330 4196 584 4292 Ermssi
619 4196 844 4292 Opust.
886 4197 1084 4270 Dzeol.
1568 4203 1618 4267 P
2105 4203 2327 4272 Sacra:-
