2949 5023
598 423 744 496 350
1136 416 1145 433 ¹
1254 424 1363 471 na·
1415 418 2001 470 nxscn’nnea

582 583 688 659 ’τεί
714 578 819 661 τὸν
847 573 993 659 ἴδιον
1018 579 1235 657 κότον.
1285 607 1319 654 1
1358 572 1650 654 Corint'h.
1684 582 1789 665 m,
1833 598 1899 668 8.
1927 614 1930 619 ·
1983 584 2141 667 Quo
2174 584 2334 658 Ioco
2365 584 2508 659 non
2537 590 2689 660 alie·

582 700 755 761 ‘num
785 693 930 771 erit,
961 687 1239 784 aliquem
1271 706 1566 755 errorem
1596 684 1700 754 vel
1730 683 2357 786 eximere'deceptiS,
2398 690 2504 760 vel
2527 716 2684 787 pro-

589 790 819 864 hibere
847 788 927 860 ab
956 792 1046 870 iis,
1094 786 1207 882 qui
1248 782 1466 855 adhuc
1507 785 1659 856 sunt
1687 783 1770 856 ab
1803 808 1887 855 eo
1913 787 2178 880 integri.
2282 793 2451 860 Sunt
2481 796 2686 879 enim,

588 894 705 988 qui
732 890 865 962 hoc
889 884 1211 984 χάρισμα
1236 886 1304 958 in
1334 885 1410 956 iis
1440 886 1545 957 vel
1577 890 1880 971 maxime,
1909 888 2015 957 vel
2047 912 2262 987 prope
2292 888 2443 961 solis
2472 917 2679 986 agno·

588 994 792 1079 scant,
840 1013 1123 1089 quorum
1161 1011 1388 1085 preces
1414 988 1652 1085 plenae
1677 986 1832 1057 funt
1856 985 2066 1059 verbis
2095 994 2385 1087 tropicis
2412 1008 2487 1061 et
2512 993 2681 1086 figu-

587 1098 776 1176 ratiS,
850 1090 1223 1189 praesertim
1254 1088 1518 1160 ‘durius
1561 1104 1672 1159 aut
1714 1086 2024 1160 hebraico
2071 1090 2288 1163 ‘more'
2325 1095 2675 1180 translati&

560 1199 859 1293 'aliisque
901 1218 949 1263 e·
988 1192 1293 1262 sermone
1319 1187 1792 1287 Mysticorum‘:
1847 1194 1915 1260 in
1948 1189 2190 1288 quibus
2231 1191 2675 1269 solent-'etiam

554 1321 763 1381 team„
800 1317 992 1389 quam
1016 1290 1391 1377 ‚Vnffiomm
1428 1300 1693 1376 vocant,
1737 1291 2021 1364 laudare.
2126 1300 2320 1380 Quae
2358 1292 2466 1388 esti
2493 1323 2673 1370 mera

558 1399 756 1471 'fraus
801 1392 1159 1465 hominu‘r'n
1204 1395 1375 1464 male
1428 1391 1911 1478 institutorum,
1966 1408 2037 1466 et
2085 1394 2242 1492 plus
2294 1395 2674 1495 phantasiae

556 1495 1038 1580 tribuentium,
1087 1520 1285 1592 quam
1318 1494 1821 1588 intelligentiae,
1866 1492 1944 1566 ad
1977 1518 2170 1594 qnam
2199 1495 2351 1568 sont
2378 1497 2667 1571 referen-

578 1600 660 1670 da
689 1601 955 1681 omnia:
1000 1613 1068 1667 et
1095 1612 1282 1667 tanto
1331 1620 1560 1696 preces
1608 1620 1907 1694 quaeque
1955 1595 2105 1669 sunt
2142 1596 2221 1668 a'd
2269 1599 2472 1688 vsum,
2517 1619 2670 1675 tum

570 1700 843 1799 piorum
874 1700 1199 1779 omnium,
1251 1712 1396 1768 tum
1428 1698 1733 1796 inprimis
1764 1698 2023 1796 populi,
2073 1697 2403 1784 meliores,
2457 1726 2667 1798 quan·

551 1801 651 1873 ·to
696 1800 914 1873 verbis
956 1802 1303 1898 'planiores
1359 1798 1542 1886 sunt,
1601 1797 1990 1897 faciliusque
2027 1800 2536 1893 intelliguntur;
2597 1793 2694 1877 et:x

567 1902 1092 1999 tantoquisque
1132 1902 1328 1971 etiam
1375 1903 1592 1970 verius
1637 1916 1709 1971 et
1749 1904 1954 1991 magis
1980 1926 2020 1970 e
2047 1904 2164 2000 pio
2195 1901 2401 1974 corde
2431 1929 2665 2001 preca·

552 2018 699 2085 'tur,
747 2020 1000 2100 quanto
1033 1999 1772 2097 simplicioribus·vcrbis
1806 2007 2028 2074 vtitur.
2092 2009 2274 2075 Nam
2306 2002 2661 2078 illa'vnfflo

567 2122 782 2175 artem
812 2105 919 2173 vel
948 2098 1438 2175 affestationem
1471 2104 1627 2187 olet,
1671 2100 1833 2201 quae
1863 2128 2002 2175 non
2047 2099 2141 2174 est
2173 2104 2483 2193 hominiS,
2547 2108 2658 2178 de·

561 2206 916 2303 'primentis
959 2203 1021 2274 se
1063 2228 1284 2275 coram
1342 2210 1493 2274 Deo
1538 2229 1662 2301 per
1712 2203 1969 2277 sensum
2009 2201 2356 2278 maiestatis
2404 2207 2658 2280 diuinae

561 2322 639 2376 et
670 2303 1112 2378 neceffitatam
1142 2305 1431 2391 suarum3
1481 2306 1894 2402 propiorque
1927 2303 2021 2377 est
2057 2303 2408 2407 hypocrisi,
2456 2335 2656 2407 quam

560 2426 759 2478 verae
802 2424 875 2478 et.
913 2411 1212 2500 integrae
1256 2411 1505 2506 pietati.
1607 2406 1966 2505 Reliquum
1994 2405 2118 2495 est,
2163 2428 2255 2493 vt,
2285 2426 2530 2507 quanta
2580 2414 2648 2482 in

556 2508 693 2581 hac
735 2509 1043 2609 precandi
1090 2513 1564 2581 exercitatione
1607 2531 1758 2606 pars
1803 2505 1881 2582 fit
1924 2509 2308 2608 disciplinae
2346 2509 2650 2586 christia·

554 2635 700 2697 nae,
729 2635 895 2710 quae
932 2615 1176 2710 pietate
1204 2629 1274 2681 et
1307 2609 1683 2682 obedientia
1708 2608 2017 2682 aduersus
2034 2618 2284 2700 Deum,
2331 2616 2652 2712 omnique

553 2716 805 2785 virtute
834 2709 1210 2784 exercenda
1251 2716 1566 2795 cernitur,
1619 2705 2184 2785 demonstremus:
2232 2716 2416 2813 quod
2456 2715 2650 2789 facie-

553 2818 710 2885 ‘mus
760 2833 987 2887 tamen
1055 2813 1381 2902 breuiter,
1453 2838 1580 2911 per
1621 2815 1835 2913 capita
1875 2813 2083 2887 modo
2127 2839 2352 2890 rerum
2394 2818 2641 2892 eundo.

553 2917 963 3009 Incipiemus*
994 2916 1076 2987 ab
1107 2917 1343 2988 vltimo
1376 2939 1639 3007 genere.
2187 2935 2192 2940 ·
2335 2975 2356 2984 ,,
2479 2931 2484 2948 ²

697 3019 815 3105 56.
858 3015 934 3085 Id
998 3033 1229 3087 ‘autem
1287 3033 1427 3087 erat
1476 3019 1544 3086 in
1583 3015 1947 3088 exercenda
2000 3016 2233 3089 fiducia
2281 3020 2349 3090 in
2396 3024 2641 3094 Deum.
2719 3088 2734 3110 ,

528 3115 913 3186 Enimuero
967 3121 1186 3186 omnis
1226 3119 1436 3212 pietas
1483 3120 1552 3186 in
1585 3122 1809 3189 Deum
1847 3120 1918 3189 in
1946 3143 2023 3191 ea
2052 3115 2218 3190 inest
2245 3145 2385 3202 vna,
2436 3121 2638 3218 idque

542 3215 941 3309 intelligitur
967 3209 1044 3286 e'x
1074 3215 1212 3312 ipso
1236 3219 1377 3287 eius
1407 3215 1825 3302 exercendae,
1854 3222 1945 3290 vti
1975 3233 2013 3290 a'
2041 3221 2239 3291 nobis
2270 3221 2630 3321 descriptus

539 3312 651 3407 est,
703 3313 947 3389 modot
1001 3315 1341 3389 admiratio
1382 3322 1457 3387 et
1499 3319 1865 3391 reuerentia
1895 3319 2328 3418 perfeffionis
2357 3323 2668 3408 diuinae,·'

534 3444 712 3519 quae
765 3423 835 3491 in
888 3421 949 3492 'vi
996 3422 1134 3492 eius
1178 3417 1468 3502 infinita,
1545 3419 1888 3517 sapientia,
1953 3426 2228 3495 veritate
2267 3443 2340 3494 et
2387 3421 2625 3497 iustitia

532 3524 848 3606 cernitur,
889 3538 958 3592 et
1004 3546 1191 3592 amor
1231 3521 1651 3615 benignitatis
1696 3520 2109 3593 inexhaustae
2163 3522 2624 3622 paratissimae·

530 3648 668 3723 que
694 3621 773 3692 ad
803 3620 976 3706 bene
1017 3621 1410 3694 faciendum.
1511 3629 1662 3692 Nec
1689 3620 1781 3694 est
1812 3624 1935 3695 alia
1978 3621 2203 3710 caussa,
2248 3652 2451 3724 quare
2479 3646 2624 3701 tan·

524 3738 637 3798 tae
662 3724 725 3797 ei
754 3720 976 3796 laudes
1009 3728 1077 3797 in
1122 3726 1452 3824 scripturis
1494 3723 1890 3806 tribuantur,
1937 3739 2117 3796 tanta
2148 3729 2436 3823 praemia
2466 3755 2622 3828 pro-

519 3843 888 3928 ponantur,
937 3843 1123 3900 tanta
1162 3832 1231 3899 in
1271 3853 1349 3900 ea
1382 3824 1457 3900 fit
1498 3829 1710 3922 gratia
1761 3826 1938 3924 apud
1967 3831 2191 3897 Deum
2238 3845 2308 3898 et
2336 3854 2618 3927 precum

520 3927 894 4000 nostrarum
938 3926 1450 3998 commendatio.
1558 3927 1774 4019 Ergo,
1836 3929 2103 4024 quoties
2140 3935 2619 4003 exercitatione

518 4031 648 4103 hac
687 4054 806 4131 per
843 4027 1156 4130 precandi
1214 4025 1628 4099 occasionem
1673 4030 1956 4113 vtimur,
2025 4045 2240 4101 totam
2286 4035 2615 4125 pietatem

522 4157 934 4228 exercemus,
993 4127 1488 4229 exercendaque
1540 4130 1893 4204 excitamus
1923 4142 2009 4228 ‚et
2050 4129 2611 4208 corroboramus:

556 4267 566 4276 ·
2536 4252 2610 4312 02*
