2949 5023
568 360 571 365 ·
662 333 805 414 308
1314 338 1425 387 nt
1481 336 2068 386 n-1scxvz1un

671 526 798 575 nus
832 494 1245 583 adfestionis,
1295 512 1364 569 et
1406 521 1574 593 ρης,
1622 500 1695 571 in
1727 522 1944 597 quam·
1972 491 2210 568 adfecti
2238 497 2499 583 sumus,
2543 494 2760 568 deter-

668 606 965 677 minetur
990 617 1188 700 atque
1214 601 1632 692 intelligatur,
1660 617 1733 672 vt
1759 596 1830 675 εὖ
1858 598 1957 670 vei
1992 594 2216 680 nan&
2243 594 2506 699 φςονᾶν,
2556 595 2761 670 bene·

642 706 906 778 ·volum
938 704 1045 775 vel
1072 702 1471 773 maleuolum
1508 699 1652 783 effe,
1681 699 1977 797 μεγάλοι
1999 702 2104 773 vel
2129 698 2359 795 μικροὶ,
2387 698 2602 770 sensus
2632 701 2765 770 cel·

672 808 801 894 sos,
849 805 1060 877 elatos
1098 804 1205 876 vel
1250 798 1556 875 demissos
1584 805 2013 899 humilesque
2040 800 2304 885 habere,
2346 817 2414 873 et
2446 798 2736 872 alia-simi

672 910 790 992 lia;
852 904 1037 1002 quod
1078 905 1303 976 multis
1355 905 1675 1003 exemplis
1731 907 1964 976 aetatis
2005 902 2768 1001 antiquae'scriptorum

676 1005 1078 1092 confirmari,
1120 1031 1259 1078 non
1291 1002 1547 1077 necess‘e
1579 1002 1687 1076 est.
1764 1004 1952 1077 Istius
1981 1030 2142 1076 vero
2171 1000 2557 1076 adfefflonis
2586 1001 2765 1074 caus-

670 1111 736 1183 sa
787 1107 881 1179 est
926 1113 996 1179 in
1034 1109 1110 1178 iis
1154 1104 1606 1203 opinionibuS‚
1658 1132 1819 1204 quas
1862 1105 1944 1176 de
1975 1131 2047 1176 re
2086 1106 2218 1203 ipsa
2260 1106 2657 1203 suscepimus
2687 1128 2767 1174 ac

334 1213 343 1239 ¹
448 1202 451 1205 ’
580 1232 587 1233 ’
670 1209 949 1284 firmiter
987 1223 1333 1294 tenemuS,
1379 1233 1535 1302 erga
1573 1233 1775 1305 quam
1813 1210 1881 1279 in
1917 1208 2302 1279 alterutram
2344 1222 2610 1305 partem
2653 1202 2766 1277 ad-

666 1308 823 1386 festi
862 1311 1106 1383 sumus.
1208 1318 1435 1406 Atque
1474 1332 1552 1380 ea
1598 1311 1831 1406 opinio
1885 1304 2358 1406 seu'persuafio
2403 1306 2488 1379 de
2538 1303 2765 1391 rebus,

670 1437 871 1513 quam
902 1410 1323 1483 commodius
1353 1409 1603 1481 sensum
1635 1411 1923 1483 hominis
1952 1413 2242 1481 animine
2265 1409 2565 1495 dicimuS,
2607 1432 2767 1504 pro·
2861 1430 2868 1438 ’

665 1506 814 1615 prie
857 1511 968 1604 est,
1017 1538 1185 1611 quae
1230 1538 1351 1609 per
1394 1512 1671 1582 verbum
1717 1514 2048 1583 Graecum
2085 1513 2332 1615 φρονεῖν
2359 1512 2762 1609 exprimitur.

664 1619 747 1692 Ei
773 1620 1028 1714 primae
1066 1630 1263 1710 atque
1303 1617 1615 1710 propriae
1666 1608 2122 1710 significationi
2161 1611 2455 1685 adiunxit
2490 1612 2638 1683 vsu’s
2668 1612 2767 1681 lo-

665 1717 918 1818 quendi
961 1714 1377 1797 communis,
1420 1712 1485 1784 id
1521 1711 1701 1811 quod
1726 1717 1865 1787 eius
1897 1710 1988 1785 est
2017 1714 2450 1812 consequens.
2552 1718 2763 1798 Nam,

664 1834 739 1894 vt
766 1818 849 1889 de
890 1828 1156 1915 quaque
1188 1841 1261 1883 re
1292 1812 1608 1889 sentimus
1634 1831 1703 1887 et
1729 1817 2097 1913 opinamur,
2141 1817 2232 1887 ita
2259 1838 2415 1908 erga
2444 1832 2587 1886 eam
2613 1838 2763 1886 mo·

666 1946 908 1993 vemur
933 1935 1128 2013 atque
1156 1910 1497 1990 afficimur.
1580 1914 1707 1989 Sed
1737 1917 1904 1990 haec
1931 1915 2234 1989 breuiter
2256 1916 2410 1991 sunt
2437 1911 2764 1993 illustran-

648 2020 748 2095 ,ἂι
780 2034 854 2091 et
896 2016 1367 2092 confirmanda.
1941 2022 1942 2025 ’
2237 2076 2242 2085 .

639 2168 650 2178 -
764 2176 767 2181 -
817 2147 928 2214 ι4.
967 2129 1068 2194 Ac
1101 2117 1295 2191 verba
1321 2119 1593 2217 quidem
1619 2120 1870 2217 sentin
1898 2120 2224 2215 acfinfias,
2271 2117 2451 2218 apud
2479 2120 2758 2193 Latinos

661 2225 758 2295 ite·
796 2219 956 2306 diei,
1000 2226 1125 2308 vix,
1165 2239 1240 2295 vt
1285 2222 1666 2320 opinamur,
1736 2236 1892 2314 eget
1937 2217 2494 2294 demonstratione
2536 2221 2763 2314 longa.

638 2324 983 2397 ,Ciceronis
1024 2322 1293 2421 quidem
1352 2323 1456 2394 illa
1503 2324 1651 2393 sunt
1694 2338 1773 2392 ex
1817 2326 1951 2394 hoe
1993 2347 2269 2414 genere:
2336 2329 2412 2396 de
2450 2327 2759 2419 republica

646 2428 985 2525 praeclare
1017 2439 1200 2524 atque
1229 2430 1473 2525 egregie
1485 2424 1744 2522 sentin,
1771 2426 1957 2508 item,
2006 2434 2167 2498 male
2199 2436 2312 2496 aut
2339 2430 2485 2498 bene
2493 2425 2759 2522 sentire,

640 2530 874 2627 ,finsus
899 2535 972 2602 de
1013 2528 1342 2622 republica,
1395 2540 1466 2597 et
1514 2525 1634 2598 alia
1686 2526 1904 2624 plura,
1944 2551 2113 2622 quae
2154 2529 2355 2599 etiam
2386 2529 2616 2598 Lexica
2652 2529 2773 2599 in·-

663 2629 922 2713 dicant3
974 2631 1041 2702 in
1093 2626 1338 2726 quibus
1380 2625 1641 2727 semper
1670 2631 2078 2726 exprimitur,
2126 2644 2276 2701 tum
2308 2627 2464 2727 quid
2493 2631 2638 2726 quis
2667 2625 2757 2700 de

659 2757 737 2803 re
788 2729 1003 2803 ublica
1044 2728 1343 2804 vniuersa
1382 2726 1645 2815 statuat,
1688 2747 1838 2803 tum
1871 2731 2237 2826 quomodo
2281 2754 2442 2824 erga
2466 2755 2607 2801 eam
2640 2729 2754 2802 ad-

658 2831 729 2903 fe
798 2859 873 2903 us
897 2829 988 2919 sit,
1032 2857 1222 2903 amor
1246 2850 1321 2905 et
1349 2832 1578 2910 odium
1621 2829 2024 2931 reipublicae
2053 2829 2249 2931 ipsius
2281 2849 2351 2906 et
2380 2832 2598 2904 salutis
2624 2856 2753 2929 pu-

636 2929 891 3002 ·blicae.
993 2910 1567 3031 ‹Decimum-porro,
1615 2932 1793 3032 apud
1836 2934 2151 3021 Paullum,
2184 2929 2293 3019 est,
2338 2937 2633 3034 primum
2682 2935 2756 3005 in

592 3112 602 3130 ,
648 3030 1091 3130 opinionibus
1117 3031 1198 3102 de
1225 3030 1426 3105 rebus
1454 3032 1648 3105 bonis
1675 3050 1744 3106 et
1767 3035 1957 3107 malis
1987 3036 2370 3135 expetendis
2401 3053 2471 3108 et
2490 3037 2756 3127 fugien-

659 3134 778 3222 dis,
823 3130 1066 3203 deinde
1108 3135 1178 3205 in
1219 3158 1447 3207 amore
1489 3130 1838 3231 studioque
1868 3134 2023 3210 inde
2048 3155 2206 3209 orto
2229 3163 2455 3209 rerum
2487 3136 2755 3206 diuina-

659 3260 813 3311 rum
845 3250 918 3308 et
945 3235 1402 3320 humanarum,
1433 3236 1541 3306 vel
1573 3231 1731 3306 odio
1763 3252 1833 3308 et
1855 3253 2241 3311 contemtu:
2283 3260 2506 3333 neque
2533 3259 2610 3305 en
2633 3259 2751 3308 res

658 3336 865 3410 habet
903 3352 1022 3414 aut
1064 3335 1310 3408 habere
1354 3334 1573 3435 potest
1617 3334 2119 3411 dubitationem.
2220 3338 2417 3437 Apud
2447 3338 2751 3410 Graecos

654 3440 928 3608 guidem
986 3436 1293 3543 φςόνημα
1331 3462 1470 3510 non
1509 3437 1855 3539 vsurpatur
1881 3438 1960 3511 ad
1991 3456 2346 3537 vtrumque
2372 3441 2752 3538 exprimen-

705 3564 843 3625 um,
891 3540 1001 3612 sed
1029 3559 1293 3614 tantum
1325 3538 1407 3611 de
1438 3536 1815 3620 adfestione
1836 3543 2053 3638 aliqua
2076 3544 2295 3628 enimi,
2334 3557 2404 3614 et
2419 3546 2640 3636 magis
2673 3545 2748 3614 in

633 3637 1057 3714 deteriorem
1096 3664 1375 3742 partem,
1424 3658 1500 3714 vt
1529 3638 1716 3728 fastu,
1766 3643 2068 3741 superbia
2105 3659 2307 3741 atque
2336 3643 2586 3717 ferocia
2615 3660 2744 3715 cet.

632 3756 728 3816 :vt
753 3738 1101 3837 saepissime
1146 3749 1343 3817 etiam
1388 3743 1666 3816 verbum
1698 3748 1953 3845 φςονεῖν·
1996 3749 2066 3818 in
2097 3752 2313 3818 Nouo
2358 3761 2581 3819 autem
2607 3753 2747 3818 Te-

649 3838 996 3927 stamentO,
1044 3847 1108 3913 in
1142 3845 1305 3916 locis
1337 3847 1577 3918 scilicet
1615 3864 1767 3917 ante
1790 3849 2017 3930 allatis,
2067 3845 2384 3945 epistolae
2415 3849 2742 3921 Paullinae

648 3939 735 4018 ed
773 3946 1132 4030 RomanoS,
1182 3961 1542 4039 vtrumque
1593 3946 1867 4017 verbum
1909 3962 2272 4046 vtrumque
2298 3953 2623 4048 exprimit,
2670 3964 2743 4019 et

626 4042 961 4154 judicium
1001 4043 1087 4119 de
1125 4044 1360 4133 rebor,
1405 4062 1476 4117 et
1511 4042 1949 4126 adfeffionem
1987 4075 2067 4122 ex
2103 4073 2189 4125 eo
2233 4070 2468 4125 ortam.
2571 4056 2744 4134 Huc

664 4173 669 4186 ⁵
2532 4155 2735 4224 etiam
