2949 5023
578 382 682 480 96
1172 409 1173 414 ¹
1517 402 1840 452 Ana-1

572 577 693 640 aut
717 559 1149 661 γονυκλισίαν
1176 559 1257 631 ad
1285 557 1741 634 adorationem
1767 554 2018 648 hostiae
2045 561 2369 650 referant,
2411 563 2486 640 in
2505 580 2683 657 ,να-ι·

566 691 709 769 que
755 665 839 737 de
866 665 996 737 hac
1020 690 1092 736 re
1120 661 1563 760 disputatione
1588 667 1676 734 T.
1708 668 1758 737 I.
1796 688 1862 761 p.
1898 671 2061 757 269.
2089 683 2164 738 et
2187 673 2273 739 T.
2300 672 2382 740 11.
2410 694 2476 766 p.
2511 695 2551 741 2
2571 694 2680 757 ¹4·

566 775 625 846 is
665 771 879 864 igitur
931 765 1195 839 nullum
1250 767 1320 837 in
1377 760 1528 861 ipsis
1589 753 1905 859 Liturgiis
1973 770 2265 865 antiquis
2324 795 2402 842 re
2451 786 2676 845 ertum

484 863 489 872 ‘
565 866 1207 968 locum-proposuit,
1253 891 1293 938 e
1320 892 1454 963 quo
1485 865 1782 938 adoratio
1810 868 2325 962 intelligeretur:
2411 871 2494 943 ed
2519 873 2678 945 alio-

565 997 722 1050 rum
754 971 835 1044 de
865 971 1098 1042 ritibus
1130 964 1955 1068 scriptorumtestimoniis
1983 971 2130 1043 vsus
2158 972 2284 1058 est,
2314 969 2398 1041 de
2429 972 2675 1080 quibus

565 1075 786 1149 statim
814 1069 1204 1142 vitiebimus.
1317 1078 1410 1141 At
1438 1071 1661 1141 multo
1695 1071 2025 1142 oculatior
2065 1071 2197 1146 fuit
2241 1078 2669 1147 muratorius.

565 1181 754 1251 Nam
794 1196 837 1242 e
876 1172 1172 1263 Liturgia
1211 1170 1538 1268 Syrorum
1579 1197 1689 1251 ea,
1762 1191 1928 1269 quae
1971 1174 2296 1276 Grgorio
2335 1174 2673 1262 tribuitur,

565 1276 830 1380 profert
865 1275 1094 1345 locum
1135 1295 1327 1358 eum,
1389 1272 1499 1346 vbi
1539 1266 1690 1369 post
1731 1273 2299 1350 consecrationem
2328 1279 2670 1350 Diaconus

563 1380 838 1452 clamat:
883 1375 1176 1448 Adorate
1204 1374 1477 1473 Agrium,
1512 1373 1780 1447 Verbum
1793 1390 1903 1448 cet.
1930 1393 2001 1447 et
2026 1376 2238 1451 addit:
2280 1379 2375 1449 nil
2403 1380 2669 1464 referre,

562 1495 792 1556 vtrum
818 1474 1068 1561 statim,
1131 1474 1212 1547 ab
1254 1476 1784 1560 consecratione,
1853 1478 1891 1546 i.
1917 1501 1975 1548 e.
2004 1478 2222 1551 verbis
2251 1481 2362 1552 hoc
2401 1482 2490 1578 ιβ
2526 1507 2666 1557 cor.

548 1608 680 1682 pus
720 1603 916 1652 meum
945 1578 1244 1651 adoratio
1272 1576 1418 1662 fiat,
1465 1594 1539 1650 vt
1563 1603 1598 1648 a
1629 1577 1980 1666 Romanis,
2029 1601 2112 1652 an
2138 1598 2292 1654 ante
2330 1587 2667 1673 κοινωνίαν,

556 1699 634 1756 vt
686 1679 865 1780 apud
921 1683 1253 1754 Graecos:
1333 1680 1481 1772 satis
1537 1676 1696 1763 ess‘e,
1766 1677 2227 1756 adorationem
2292 1683 2664 1785 vsurpatam

552 1780 759 1860 fuiffe.
904 1785 1200 1856 Primum
1230 1782 1522 1854 multum
1557 1777 1821 1853 interest
1862 1779 1943 1853 ad
1985 1783 2439 1880 quaestionem
2489 1814 2662 1878 eam,

551 1908 752 1987 quam
782 1885 973 1982 supra
1011 1883 1386 1982 posuimus:
1447 1882 1721 1968 deinde,
1776 1886 1923 1981 quis
1957 1903 2195 1979 neget,
2244 1885 2657 1962 adorandum

484 1983 489 1986 ⁵
555 1986 683 2062 efl'e
709 1993 754 2060 L
785 1992 856 2060 C·
887 1990 1083 2078 cuiue
1109 2010 1358 2085 corpus
1398 1998 1468 2055 et
1496 1984 1758 2079 sangui·
1791 1984 2086 2060 sumitur.
2202 1993 2418 2061 Immo
2465 1993 2657 2064 omni

548 2105 863 2190 tempore
892 2083 989 2159 est
1026 2085 1393 2160 adorandus
1424 2089 1533 2185 pia
1561 2102 1832 2172 mente,
1892 2088 2145 2160 nedum
2185 2115 2271 2160 eo
2319 2105 2657 2186 tempore,

547 2218 689 2290 quo
720 2207 859 2263 tam
891 2187 1070 2262 arae
1101 2186 1455 2260 nobiscum
1487 2179 1936 2281 coniungitur.
2047 2188 2177 2261 Sed
2221 2191 2359 2288 ipse
2399 2187 2652 2265 senfiss‘e

544 2292 810 2367 videtur
852 2289 1393 2365 ‘imbecillitatem
1472 2288 1670 2360 huius
1743 2285 2123 2362 testimonii.
2275 2297 2507 2387 Itaque
2580 2295 2649 2367 se
2707 2295 2712 2304 ’

547 2409 836 2502 repente
874 2421 917 2466 ι·
945 2395 1260 2485 Liturgiis
1290 2389 1605 2462 transfert
1630 2387 1710 2461 ad
1740 2391 2136 2489 scriptorum
2171 2392 2648 2469 Ecclesiastico-

546 2520 702 2572 rum
747 2497 1016 2584 auxilia,
1083 2491 1323 2594 quibus
1360 2507 1439 2565 et
1479 2507 1665 2581 ante,
1720 2495 1793 2565 in
1831 2493 1960 2567 hac
2001 2495 2140 2597 ipsa
2179 2496 2644 2597 disputatione,
2771 2518 2782 2531 '

544 2599 696 2674 vsus
729 2613 884 2670 erat.
1338 2666 1347 2671 ,
2041 2604 2046 2611 ’
2621 2632 2626 2635 ·

691 2699 822 2773 Sed
849 2703 1097 2773 horum
1124 2697 1553 2797 scriptorum,
1596 2698 1714 2796 qui
1744 2712 1815 2771 et
1838 2696 1921 2773 ab
1956 2702 2319 2797 Mur-utorio
2348 2716 2420 2775 et
2449 2729 2488 2774 a
2513 2706 2639 2776 Re-

543 2805 824 2876 uatdotio
863 2800 1222 2877 testimonii
1257 2796 1469 2872 causs'a
1510 2814 2160 2888 commemorantur,
2222 2818 2365 2875 non
2405 2804 2640 2879 eadem

539 2906 709 2979 ratio
739 2899 850 2976 est.
966 2902 1259 2992 Quidam
1286 2902 1431 2974 sunt
1458 2905 1899 3000 antiquiores,
1959 2902 2223 2990 sedita,
2264 2920 2337 2976 vt
2369 2905 2635 2978 inferio·

537 3006 646 3081 res
688 3007 891 3077 tertio
933 3020 1307 3103 quartoque
1345 3006 1569 3076 seculo
1614 3002 1746 3079 fint
1789 3031 2065 3089 omnes;
2135 3003 2402 3105 quidam
2441 3009 2637 3080 valde

534 3121 880 3192 recentem
947 3132 986 3178 e
1032 3105 1265 3178 seculis
1305 3107 1515 3178 multa
1556 3108 1683 3180 iam
1727 3105 2023 3180 barbarie
2060 3123 2131 3180 et
2169 3104 2632 3207 superstitione

450 3218 462 3239 ‘
534 3212 927 3308 inquinatis,
964 3224 1056 3281 -et
1098 3209 1280 3281 mole
1306 3214 1884 3284 caeremoniarum·
1922 3235 2252 3283 nouarum
2297 3208 2630 3310 oppreffis;

534 3318 710 3411 1.⁸¹¹¹›
772 3313 891 3409 qui
932 3336 1010 3383 ex
1049 3311 1151 3382 his
1177 3309 1734 3384 consuetudinem
1775 3314 2081 3411 antiquae
2106 3327 2177 3384 et
2205 3317 2627 3410 incorruptae

534 3411 863 3487 Ecclesiae
894 3413 1301 3506 cognoscere
1325 3416 1516 3498 velit,
1575 3418 1634 3487 is
1670 3414 1851 3487 idern
1894 3416 2117 3498 faciat,
2175 3438 2255 3485 ac
2288 3413 2335 3485 fi
2382 3438 2421 3484 e
2450 3419 2628 3489 Ceri·

529 3520 781 3591 moniali
809 3516 1232 3608 Constantini,
1296 3514 1481 3616 quod
1512 3540 1730 3614 nuper
1767 3519 1839 3588 in
1867 3517 1993 3588 hac
2018 3513 2184 3590 vrbe
2224 3515 2479 3589 editum
2510 3511 2627 3600 est,

530 3618 780 3690 discere
804 3620 961 3690 velit
984 3622 1150 3691 ritus
1178 3622 1363 3692 aulae
1390 3618 1761 3702 Romanae,
1803 3622 1919 3717 qui
1946 3618 2063 3691 sub
2092 3617 2377 3717 Augusto
2408 3642 2486 3689 ac
2520 3623 2624 3709 Ti-

526 3724 695 3794 herio
723 3720 923 3790 fuere.
1065 3724 1268 3793 Tales
1296 3737 1518 3794 autem
1539 3722 1702 3809 sunt
1729 3719 2189 3794 Renaldotiani
2212 3743 2452 3792 omnes
2470 3773 2488 3805 ,
2548 3732 2621 3792 et

528 3846 570 3894 e
595 3823 1102 3903 Muratoriani5‚
1153 3825 1509 3897 Theodorus
1543 3824 1852 3908 Studites,
1897 3827 1960 3895 S.
1990 3825 2337 3902 Maximus.
2365 3822 2619 3919 Pseudo

525 3924 821 4022 Dionffi
871 3921 1296 4013 scholiastes,
1373 3928 1584 3998 Lucas
1634 3930 1886 4015 Iunior,
1961 3926 2299 4013 homineS,
2365 3917 2658 3996 etiamfi‘

521 4023 887 4125 planiffime
916 4022 1164 4115 dicant,
1210 4025 1392 4122 quod
1419 4027 1764 4113 iubentur,
1825 4029 2018 4101 nullo
2046 4027 2254 4101 modo
2286 4024 2610 4099 audiendi.

522 4125 655 4200 Sed
684 4136 813 4202 nee
841 4128 945 4215 hi,
999 4152 1128 4201 nec
1170 4130 1682 4230 locupletior-ea,
1739 4129 2135 4232 Ambrosius,
2199 4129 2611 4228 Augustinus,

2338 4231 2606 4303 neoda·
