2949 5023
674 402 767 450 nr
813 401 1251 453 nemmem:
1308 374 1923 458 cousrrrvmaena
2224 400 2370 487 283

266 562 563 661 quorum
594 562 855 635 nullum
892 590 1106 664 paene
1146 592 1183 638 a
1212 564 1469 639 Iudaeis
1519 584 1662 640 tum
1690 590 1980 644 vacuum
2020 586 2188 660 erat,
2256 574 2369 648 sed

269 671 470 737 etiam
509 664 888 737 facultatem
921 666 1105 739 daret
1136 669 1569 767 exponendae
1607 672 1815 767 palam
1850 675 2073 746 multis
2103 677 2369 748 audien-

266 768 441 838 tibus
479 762 853 852 destrinae3
917 795 1088 865 quae
1132 770 1347 842 multo
1378 775 1598 842 minor
1627 796 1705 842 ac
1731 777 1935 845 rarior
1961 776 2181 848 futura
2208 794 2373 864 erat,

261 864 313 939 fi
343 872 406 938 in
437 868 791 964 peregrina
817 884 890 939 et
902 873 1144 961 ignota
1172 876 1395 943 omnia
1424 869 1761 945 venissent.
1810 947 1826 972 x
1862 876 2231 950 Accesserat
2271 896 2370 950 et-

260 970 391 1042 iam
420 972 688 1059 linguae
714 994 987 1063 graecae
1016 971 1190 1059 vsus,
1228 977 1531 1072 primum
1560 1000 1685 1071 per
1716 977 2129 1051 Graecorum
2160 984 2372 1077 impe·

262 1076 440 1143 rium
472 1071 810 1157 latiffime,
866 1078 1068 1146 etiam
1106 1076 1397 1172 quodam
1444 1096 1761 1175 tempore
1797 1079 1879 1150 ad
1912 1080 2187 1152 Iudaeos
2215 1108 2372 1180 pro-

259 1191 608 1273 pagatum,
660 1172 903 1245 deinde
934 1199 1055 1273 per
1078 1176 1624 1250 coniunfflonem
1652 1203 1881 1251 rerum
1914 1186 2367 1256 Romanarum

264 1298 424 1346 cum
457 1276 734 1345 Graecis
768 1275 922 1347 inde
949 1276 1027 1347 ab
1059 1278 1351 1350 Achaico
1392 1278 1706 1365 foedere,
1768 1298 1839 1353 et
1881 1280 2209 1356 subiectos
2236 1287 2390 1355 Ro·-

263 1401 627 1449 manorum
657 1380 943 1475 imperio
976 1381 1311 1463 Graecos,
1361 1378 1443 1450 ad
1474 1406 1708 1452 omnes
1736 1383 2031 1479 populos
2060 1384 2259 1469 fusi-13,
2301 1380 2375 1458 et

196 1508 207 1517 ·
264 1480 340 1550 in
375 1478 510 1576 ipsa
546 1478 945 1551 ludaeorum
975 1481 1147 1552 sacra
1175 1499 1528 1579 receptus3
1580 1485 1694 1577 qui
1725 1481 2060 1579 Apostolis
2089 1487 2241 1559 hoo
2255 1511 2374 1585 op·

264 1583 701 1679 portunitatis
732 1577 949 1663 dabat,
996 1600 1071 1653 vt
1097 1580 1410 1654 omnibus
1442 1587 1511 1654 in
1542 1582 1706 1653 locis
1737 1581 2005 1681 publice
2034 1590 2373 1683 priuatim-

265 1705 405 1778 que
420 1678 664 1753 docere
679 1696 752 1752 et
780 1684 1138 1780 populares
1170 1683 1318 1756 suos
1337 1698 1407 1755 et
1434 1685 1829 1778 alienigenas
1848 1682 2127 1781 pofl‘ent.
2179 1695 2379 1773 Quae

266 1799 344 1853 vt
370 1807 574 1854 nemo
605 1781 741 1855 fine
785 1788 1067 1857 numine
1105 1784 1337 1856 diuino
1365 1783 1659 1859 accidisse
1704 1785 1962 1884 putabit
1975 1820 1993 1872 ;
2064 1792 2157 1861 ita
2183 1790 2382 1862 valde

264 1888 611 1983 pertinere
630 1885 711 1957 ad
743 1886 1115 1984 sapientiam
1156 1886 1443 1959 diuinam
1463 1942 1484 1974 ,
1548 1904 1617 1959 et
1649 1887 2024 1961 diuinarum
2055 1890 2375 1964 humana·

172 1984 183 1993 ’
270 2011 564 2084 rumque
602 2011 833 2059 rerum
879 1987 1212 2084 quandam
1252 1988 1721 2075 concordiam,
1787 1990 2237 2082 gubernatore
2287 1992 2384 2064 sa·

268 2085 685 2187 pientiffimo
716 2087 1017 2182 dignam,
1081 2095 1151 2161 in
1185 2106 1463 2188 promtu
1496 2084 1605 2163 est.
1719 2100 1946 2189 Atque
1974 2110 2048 2167 vt
2074 2094 2210 2167 hoc
2239 2091 2379 2165 obi-

268 2206 375 2262 ter
400 2189 764 2277 addamus,
810 2218 889 2262 ex
922 2193 1023 2264 his
1050 2189 1203 2292 ipsis
1238 2210 1453 2291 patet,
1497 2217 1703 2291 quare
1732 2193 2082 2290 sapientiae
2122 2195 2388 2268 diuinae

271 2292 792 2364 consentaneum
836 2295 1073 2381 visum,
1140 2295 1263 2366 illo
1294 2298 1522 2392 potius
1573 2314 1916 2389 tempore,
1981 2323 2180 2395 quam
2225 2299 2381 2383 alio,

269 2410 385 2464 aut
428 2394 745 2467 maturius
784 2396 1306 2492 proferrehanc
1344 2398 1686 2488 religionis
1725 2396 2045 2479 formam,
2119 2424 2288 2495 quae
2340 2426 2384 2469 a

271 2493 537 2568 Christo
562 2494 797 2569 tradita
827 2494 937 2572 est.
1091 2502 1288 2582 Quae
1320 2498 1514 2599 spero
1542 2495 1670 2572 effe
1700 2499 1995 2598 planiora
2036 2499 2144 2584 iis,
2204 2524 2380 2597 quae

274 2623 335 2671 v.
372 2622 429 2668 c.
465 2598 859 2696 Conyborius
885 2625 940 2670 e.
971 2605 1326 2675 Tindalium
1358 2628 1492 2696 cap.
1528 2618 1588 2682 8.
1606 2628 1674 2694 p.
1714 2617 1874 2688 388.
1905 2597 2174 2673 disserit.

422 2724 535 2788 94.
582 2703 979 2786 Enimuero,
1023 2719 1097 2775 vt
1129 2706 1199 2774 in
1228 2704 1346 2775 illo
1375 2730 1482 2774 res
1514 2702 1846 2774 humanae
1874 2699 2137 2785 diuinis,
2189 2697 2278 2771 lic
2308 2704 2382 2774 in

272 2826 392 2888 eo,
445 2800 528 2871 de
559 2828 703 2900 quo
728 2806 1140 2901 quaerimus,
1205 2831 1317 2876 res-
1339 2802 1614 2882 diuinae*
1649 2818 2122 2899 attemperatae
2149 2802 2380 2873 viden·

269 2919 385 2975 tur
414 2902 743 2975 humanis.
889 2908 1187 2978 Primum
1217 2908 1345 2979 illis
1376 2905 1792 3001 temporibus
1836 2903 2255 3004 philosophia
2306 2920 2386 2978 et

272 3008 578 3077 omnium
608 3003 937 3078 bonarum
969 3013 1209 3081 artium
1239 3003 1482 3090 studia,
1509 3009 1717 3098 longe
1742 3007 2010 3103 lateque
2036 3005 2188 3091 fusa,
2219 3031 2381 3078 eon-

272 3123 565 3177 temtum
593 3109 1111 3182 cerimoniarum
1151 3109 1610 3203 religiosarum
1635 3107 2030 3194 attulerant,
2092 3134 2385 3205 quarum

271 3205 785 3281 multitudinem
839 3212 1145 3282 homines
1186 3214 1311 3284 inis
1351 3209 1596 3299 dediti,
1643 3214 1738 3296 ³in
1777 3208 2243 3305 superstitionis
2295 3215 2428 3281 ri-‘

272 3309 531 3384 denelae
554 3328 745 3408 parte
773 3311 1135 3409 ponebant.
1266 3316 1611 3395 Omnino,
1675 3308 1818 3383 liue
1844 3313 2001 3396 hac,
2055 3307 2189 3380 fine
2242 3311 2388 3381 aliis

273 3414 356 3485 de
376 3413 648 3502 ‘cauffis,
696 3415 1009 3487 homines
1034 3414 1264 3488 multis
1295 3415 1460 3486 locis
1492 3429 1683 3484 erant
1711 3413 1790 3483 ab
1823 3413 2204 3482 cerimoniis
2231 3411 2387 3479 alie-

275 3517 515 3587 niores.
634 3516 711 3587 Id
739 3518 940 3589 etiam
972 3542 1048 3589 ex
1077 3518 1243 3601 hoc,
1294 3530 1366 3586 vt
1396 3516 1782 3612 opinamur,
1830 3511 2118 3603 intelligi
2146 3507 2393 3608 potest,

277 3615 499 3711 quod,
550 3620 666 3714 qui
695 3616 998 3691 dostrina
1023 3616 1424 3692 Iudaeorum
1453 3619 1663 3714 capti,
1717 3616 1786 3685 in
1823 3613 2209 3685 societatem
2239 3615 2390 3685 eius

279 3717 505 3788 venire
536 3736 894 3815 cuperent,
946 3745 1120 3819 quos
1146 3717 1366 3801 fuisse,
1414 3720 1586 3788 circa
1617 3732 1924 3812 tempora
1948 3711 2210 3799 Christi,
2242 3741 2393 3815 per·

281 3816 536 3888 multos
565 3815 843 3907 constat,
883 3823 1261 3895 cerimoniis
1294 3821 1390 3892 vti
1419 3816 1701 3890 Iudaicis
1728 3818 1821 3886 ita
1853 3815 2269 3898 recusabant,
2315 3831 2396 3888 vt

172 3935 177 3940 “
282 3914 544 3991 Iudaeis
572 3917 828 3990 necess'e
858 3917 1041 4012 effet,
1102 3923 1415 3995 homines
1443 3920 1787 4012 religionis
1816 3917 1965 3990 suae
1990 3934 2394 4018 appetentes

246 4053 249 4058 ·
282 4048 322 4094 ι
354 4018 734 4092 necessitate
759 4027 1273 4097 cerimoniarum
1306 4020 1767 4095 seruandarum
1797 4018 2086 4093 liberare.
2182 4022 2396 4089 Erant:

282 4147 494 4223 porro
541 4120 625 4195 ad
669 4145 962 4218 regnum
1001 4130 1051 4202 Ι.
1095 4130 1169 4203 C.
1207 4126 1554 4229 paullatim
1593 4119 2024 4220 vocandiffot
2062 4118 2301 4293 pgpuli
2351 4141 2396 4190 ο

2192 4232 2396 4321 pten-
