2949 5023
700 327 796 376 nr
820 318 1295 381 Ἱιειιῦιοκὲ.
1343 331 1962 385 σοκετιτνειωᾼ
2275 326 2420 408 277

308 505 612 566 mentem
644 489 939 574 hominis
984 493 1189 583 longe
1227 486 1444 566 maior
1469 490 1566 566 est
1590 496 1878 569 cuiusuis
1913 493 2081 567 alius
2129 497 2424 569 veritatis

305 598 408 669 vi:
469 618 693 689 neque
719 595 901 664 enim
947 592 1162 692 poss'et
1188 596 1453 667 vincere
1486 596 1589 667 vel
1635 597 1935 669 tenebras
1969 600 2242 680 mentis,
2308 597 2416 669 vel

308 697 619 771 duritiem
665 697 906 793 animig
968 716 1197 767 tamen
1240 721 1275 766 a
1304 700 1597 773 veritatis
1641 714 1872 771 natura
1914 715 1981 770 et
2021 702 2280 771 ratione
2322 703 2416 771 ita

304 799 509 873 veluti
538 813 990 895 temperatur,
1044 815 1116 869 vt
1139 795 1306 871 abfit
1339 825 1374 871 a
1404 796 1783 885 coaffione,
1822 803 2244 899 retinentque
2272 802 2409 873 ani·

298 926 491 983 ωας,
537 924 700 970 cum
738 904 797 969 ei
829 896 1043 986 cedit,
1085 899 1262 971 suam
1292 901 1690 973 libertatem.
1756 908 1949 987 Quae
1978 929 2080 973 res
2113 908 2409 1000 primum

300 1000 394 1075 est
421 999 623 1093 digna
651 1001 962 1089 homine,
1009 1002 1196 1075 cuius
1228 1019 1500 1086 natura,
1544 1029 1675 1101 qua
1702 1030 1841 1075 non
1873 1002 1967 1074 est
1995 1005 2254 1091 vitiosa,
2298 1002 2408 1076 sed

294 1102 525 1177 {imilis
568 1102 869 1189 diuinae,
939 1098 1123 1177 reae
1159 1106 1618 1177 conseruntur:
1696 1103 1938 1178 deinde
1972 1110 2158 1191 Deo,
2217 1112 2408 1178 Patre

297 1223 371 1280 et
403 1206 714 1277 Domino
745 1207 1005 1295 generis
1056 1204 1362 1295 humani,
1422 1205 1803 1306 eodemque
1843 1203 2063 1280 fausto
2107 1224 2178 1279 et
2220 1203 2406 1295 iustu,

296 1310 411 1380 cui
443 1309 742 1406 primum
770 1332 923 1378 vera
955 1305 1333 1380 obedientia
1361 1305 1673 1391 debetur,
1728 1336 1892 1405 quae
1922 1307 2052 1382 esse
2082 1334 2221 1383 non
2254 1324 2402 1407 pot·

294 1405 408 1491 est,
461 1406 575 1480 nist
605 1406 810 1479 libera
839 1406 946 1493 fit3
998 1410 1116 1506 qui
1142 1408 1386 1482 deinde
1418 1412 1704 1506 praemia
1728 1427 1924 1495 tanta,
1965 1426 2217 1509 quanta
2235 1436 2401 1509 pro-
2445 1422 2454 1427 “

292 1508 471 1583 misit
489 1510 877 1593 liberaliter,
934 1513 1162 1583 virtuti
1191 1508 1573 1585 necessariae
1601 1528 1673 1584 et
1696 1513 2120 1585 mechanicae
2158 1517 2398 1612 imper·

294 1616 431 1684 tire
460 1613 651 1684 nullo
683 1611 893 1683 modo
925 1610 1138 1710 poffit.
1242 1642 1250 1655 ·

549 1764 563 1780 .
624 1711 798 1786 illud
841 1713 1087 1812 ipsum,
1144 1711 1329 1813 quod
1370 1716 1545 1788 hanc
1583 1730 1780 1787 v'nam
1823 1729 2142 1797 etratam
2173 1715 2394 1809 legem

290 1814 457 1889 fidei·
485 1833 555 1890 et
582 1811 934 1888 sanstitatzs
965 1842 1001 1887 a
1039 1814 1102 1886 se
1130 1816 1528 1910 gignendae,
1585 1833 1656 1890 et
1691 1816 1776 1890 ab
1818 1816 2207 1890 hominibus
2260 1817 2400 1914 spe·

290 1918 572 2000 randae,
636 1917 1049 2015 quaerendae
1077 1933 1147 1989 et
1186 1918 1516 2018 parandae
1544 1920 1731 2000 fecit,
1794 1937 2119 2020 quantum
2139 1916 2398 1991 benefi-

148 2020 161 2079 ἶ
293 2024 474 2093 eiiet
503 2022 857 2117 sapientiae
903 2017 1146 2092 habet?
1220 2047 1348 2093 nee
1380 2018 1594 2093 ιποᾶό
1633 2024 2027 2120 prepterea,
2093 2018 2278 2120 quod
2325 2012 2403 2092 ea

294 2122 387 2195 est
414 2126 736 2196 omnium
775 2123 1134 2195 hominum
1173 2122 1498 2217 ingeniis,
1551 2122 1904 2209 fortunae,
1978 2120 2398 2223 temporibus

297 2225 583 2323 denique
610 2222 924 2297 omnibus
952 2241 1138 2322 apta,
1183 2224 1296 2297 sed
1319 2226 1521 2298 etiam
1540 2278 1561 2314 ,
1608 2239 1681 2296 et
1709 2225 1928 2296 multo
1958 2230 2184 2319 magis,
2213 2220 2401 2323 qnod

296 2355 372 2401 ea
421 2352 564 2400 non
604 2322 757 2403 finit
794 2325 1148 2399 hominum
1193 2327 1408 2426 spem,
1471 2341 1585 2398 aut
1626 2326 2041 2399 voluntatem
2080 2330 2404 2399 incertam

289 2432 543 2525 vagari,
591 2427 701 2500 sed
730 2425 1168 2516 demonstrat,
1197 2454 1334 2527 quo
1365 2428 1664 2501 eundum
1693 2424 1809 2515 fit,
1860 2427 2022 2527 quid
2050 2427 2408 2521 agendum,

290 2556 423 2606 nec
450 2531 601 2605 finit
629 2556 848 2604 errare
876 2557 1282 2630 quemquam
1302 2584 1321 2616 ,
1383 2548 1501 2603 aut
1523 2531 1690 2603 fauit
1716 2533 1921 2631 spem.
2072 2534 2194 2603 Vis
2243 2553 2402 2637 qon-

275 2638 494 2722 ‘verti,
564 2632 646 2708 ad
675 2631 877 2706 fidem
903 2633 1176 2717 adduci,
1240 2629 1679 2706 sanstificari?
1780 2639 1899 2705 Ne
1927 2632 2133 2726 longe
2162 2655 2408 2731 quaere

290 2737 498 2822 viam,
543 2752 659 2808 aut
689 2740 938 2808 incerta
968 2737 1081 2833 spe
1109 2733 1435 2832 exspe3a‚
1480 2731 1642 2808 dum
1667 2749 1747 2807 tu
1775 2738 1841 2806 vi
1870 2733 2089 2808 diuina
2118 2757 2401 2808 conuer-
2505 2807 2518 2814 „

287 2843 477 2920 caris,
524 2837 830 2922 credere,
878 2855 950 2909 et
980 2835 1362 2909 sanstifieari
1390 2833 1604 2934 postis,
1723 2837 1819 2910 Vt
1846 2839 1961 2933 qui
1990 2838 2199 2910 satiari
2228 2835 2398 2922 vult,

290 2943 410 3015 scit
434 2938 553 3011 fibi
582 2937 801 3013 cibum
830 2937 1228 3038 capiendum
1249 2994 1268 3026 ,
1318 2957 1389 3009 et
1427 2936 1511 3010 ad
1542 2963 1701 3011 eum
1736 2936 2107 3038 parandum
2135 2938 2396 3013 sumen·

292 3043 593 3140 dumque
617 3041 912 3126 festinan
959 3065 1180 3138 neque
1200 3042 1269 3112 in
1302 3064 1386 3109 eo
1417 3037 1706 3129 dubitat,
1752 3056 1868 3118 aut
1893 3066 2113 3114 errare
2144 3034 2396 3142 potest:

287 3145 381 3222 fic
410 3161 489 3217 tu
516 3145 711 3231 seito,
752 3143 956 3216 verbo
986 3143 1221 3217 diuino
1247 3138 1430 3216 reste
1455 3143 1710 3230 andito,
1755 3139 1951 3227 1080,
2000 3160 2069 3215 et
2097 3145 2399 3238 cogitato
2461 3213 2465 3224 ,

286 3274 470 3349 opus
500 3243 662 3335 effe,
715 3246 896 3319 nulla
921 3248 1043 3318 alia
1069 3270 1161 3318 re.
1276 3244 1522 3317 Audies
1554 3270 1753 3342 ergo,
1817 3244 2001 3338 leges
2030 3264 2101 3317 et
2126 3244 2401 3315 medita-

286 3351 451 3424 bere
478 3352 650 3424 serio
683 3347 986 3422 verbum.
1103 3351 1191 3418 Et
1218 3364 1293 3419 vt
1322 3347 1433 3419 ille
1458 3349 1753 3432 satiatur,
1816 3344 1908 3417 fic·
1931 3364 2010 3418 tu
2044 3360 2399 3418 conuerte·

287 3458 414 3536 ris.
454 3455 689 3527 credes
722 3466 794 3523 et
822 3444 1319 3522 sanfflfimbere.
1474 3449 1656 3536 Quid
1683 3444 1906 3545 potest
1926 3443 2059 3518 ess'e
2083 3444 2397 3520 salubrius

293 3555 426 3627 hac
467 3558 585 3628 taii
643 3550 1080 3639 certitudine}
1179 3568 1296 3625 aut
1332 3546 1415 3622 ad
1468 3544 2039 3646 tranquillandum
2099 3551 2402 3626 animum

294 3658 566 3754 aptius?
668 3651 776 3728 Est
818 3672 1044 3726 autem
1076 3650 1416 3732 certitudo
1458 3651 1570 3727 illa
1597 3665 1669 3721 et
1695 3649 2013 3721 securitas
2037 3650 2109 3721 in
2137 3652 2403 3745 agendo

296 3782 458 3829 cum
500 3761 569 3828 in
600 3756 786 3828 omni
825 3782 896 3827 re
937 3758 1125 3847 graui
1168 3751 1504 3854 optabilia,
1571 3766 1719 3823 tum
1759 3752 2042 3822 maxime
2082 3754 2152 3823 in
2193 3753 2406 3829 caussa

291 3860 521 3935 salutis
556 3853 848 3928 nostrae:
895 3882 1019 3928 nec
1044 3858 1410 3956 quidquam
1440 3856 1648 3946 magis
1676 3856 1929 3924 cruciat
1958 3870 2031 3926 et
2058 3861 2242 3948 angit
2267 3860 2402 3929 ani·

290 3988 526 4047 mum,
587 3981 785 4057 quam
829 3983 983 4031 cum
1020 3959 1091 4030 in
1121 3960 1235 4030 tali
1263 3982 1336 4029 re
1380 3959 1680 4030 incertus
1708 3980 1930 4026 errare
1958 3981 2035 4028 ac
2076 3956 2407 4054 trepidare

293 4069 600 4160 cogitur,
648 4077 995 4135 nec-certo
1022 4059 1177 4150 seit,
1218 4084 1354 4161 quo
1386 4059 1452 4131 se
1481 4076 1895 4143 conuertere,
1940 4058 2104 4159 quid
2136 4076 2209 4128 et
2234 4081 2402 4233 qug-

1395 4163 1440 4232 S
1501 4184 1537 4248 3
2191 4183 2308 4233 mo
2359 4186 2404 4235 o
