2949 5023
568 323 723 400 206
973 357 982 368 ·
1022 341 1455 400 vxnoxcnuz
1513 340 1921 390 ananau·
1948 343 2218 394 orvnn:

569 486 925 594 sanandoS,
987 506 1104 603 qui
1150 504 1550 602 plerumque
1575 526 1712 576 non
1742 505 2036 575 veritatis
2065 525 2295 575 amore
2320 479 2399 573 ac
2436 498 2675 592 studio,'

443 653 448 656 -
569 605 685 702 sed
697 605 1162 707 cupiditatibus
1189 604 1317 676 suis
1331 601 1645 691 obsecuti,
1674 629 1819 677 eam
1837 606 2347 704 disputationem
2382 603 2673 703 suscepe-

571 724 754 793 runt,
807 733 1003 806 quam
1035 705 1113 778 ad
1139 730 1256 778 eos
1283 704 1794 793 confirmandos,
1845 710 1959 805 qui
1989 705 2073 777 de
2099 711 2369 778 veritate
2395 706 2669 799 religio-

571 813 676 882 nis
717 806 1109 884 Christianae
1158 811 1443 881 minime
1487 808 1896 891 dubitarent,
1974 805 2511 906 cauendumque,
2580 829 2671 878 ne

570 908 851 985 istorum
894 910 1002 983 vel
1043 906 1222 980 libris
1263 907 1600 1003 legendiS,
1672 908 1775 980 vel
1833 907 2245 981 sermonibus
2304 905 2671 996 audiendis,

573 1023 1200 1109 corrumperentur,
1230 1005 1277 1080 fi
1293 1066 1309 1097 ,
1336 1009 1517 1109 quod
1546 1032 1782 1081 eorum
1814 1009 2181 1082 rationibus
2215 1025 2669 1106 opponerent,

570 1109 694 1211 ipsi
720 1137 859 1184 non
893 1110 1214 1184 haberent
1238 1128 1355 1184 aut
1384 1113 1676 1210 reperire
1706 1109 1981 1208 pollent.
2095 1117 2324 1209 Itaque
2350 1134 2473 1181 nos
2496 1132 2674 1208 quo-

622 1237 706 1284 ue
743 1211 919 1284 idem
961 1230 1031 1285 et
1071 1214 1140 1283 in
1182 1215 1306 1285 hac
1359 1211 1820 1311 disputationis
1877 1230 2067 1313 parte
2121 1214 2410 1285 maxime
2465 1209 2671 1288 secuti

598 1333 823 1402 amna,
861 1330 932 1386 et
956 1316 1026 1387 in
1053 1314 1328 1414 reliquis
1367 1311 1621 1387 duabus
1652 1317 2024 1412 sequemur.

1189 1586 1445 1659 PARS
1536 1584 2046 1658 SECVNDA

682 1739 767 1825 In
795 1735 968 1821 omri?
995 1743 1244 1841 generis
1269 1742 1527 1822 humani
1545 1742 1733 1849 statu
1760 1768 1974 1822 veram
2002 1738 2362 1843 refigionem
2392 1737 2668 1819 arbitrass

577 1853 584 1864 ¹
768 1857 876 1935 ria
923 1855 1216 1962 habuiffi.

579 2065 582 2072 ·
734 2043 846 2123 31.
895 2032 1210 2130 Superior
1236 2030 1607 2134 disputatio,
1650 2060 1816 2134 quae
1848 2038 1998 2107 Deo
2032 2032 2373 2106 arbitrium
2401 2031 2665 2122 religioa‘

570 2129 682 2202 nie
707 2127 981 2218 afferuit,
1021 2131 1067 2203 si
1091 2133 1323 2206 ‘verum
1349 2136 1626 2208 velimus
1654 2136 1900 2218 dicere,
1945 2136 2344 2232 superuacua
2371 2147 2512 2204 erat
2539 2153 2665 2230 per

570 2253 727 2316 eos,
788 2234 904 2330 qui
932 2236 1002 2304 in
1027 2232 1228 2308 rebus
1258 2237 1735 2329 cognoscendis
1765 2263 1840 2308 ac
1870 2233 2229 2309 iudicandis
2258 2229 2433 2307 resta
2460 2235 2558 2304 via
2596 2245 2666 2328 et

567 2337 836 2440 ratione
861 2347 1235 2428 vterentur:
1294 2338 1402 2411 sed
1433 2335 1600 2411 fasta
1633 2335 1725 2410 est
1766 2337 2105 2411 necelliria
2148 2349 2270 2436 per
2309 2335 2667 2427 argutatioi·

569 2455 694 2507 nes
738 2460 1012 2521 eorum,
1069 2442 1216 2536 qui,
1261 2435 1491 2513 reliaa
1517 2464 1669 2514 vera
1700 2438 2043 2514 disserendi
2072 2455 2142 2511 et
2168 2434 2493 2511 iudicandi
2544 2436 2665 2519 via,

519 2541 532 2589 ὲ
565 2548 798 2609 totum
827 2563 1046 2610 rerum
1080 2539 1380 2616 ordinem
1411 2560 1901 2641 peruenerunt,
1951 2559 2037 2631 et,
2069 2544 2152 2614 de
2181 2567 2321 2640 quo
2348 2558 2667 2639 quaerere

565 2661 714 2710 non
740 2640 1085 2723 attinebat,
1128 2638 1195 2712 id
1220 2643 1290 2715 in
1323 2643 1831 2743 disputationem
1859 2643 2287 2739 adduxerunt.
2389 2645 2669 2738 Semper

565 2738 700 2811 hac
725 2743 984 2813 ratione
1005 2739 1094 2814 vfi
1119 2742 1299 2833 sunt,
1328 2748 1441 2845 qui
1469 2749 1806 2840 legitimos
1836 2744 2184 2820 differendi
2210 2739 2450 2823 modos
2477 2754 2665 2815 tene-⁸

563 2854 753 2925 rent,
795 2858 870 2914 vt
899 2846 1209 2941 primum,
1238 2848 1392 2943 quid
1426 2846 1601 2937 esset,
1641 2864 2069 2948 quaererent3
2118 2845 2355 2918 deinde
2377 2843 2667 2929 demum,

563 2936 618 3012 fi
647 2940 941 3031 luberet,
1003 2944 1089 3016 de
1120 2947 1341 3020 cauffis
1367 2950 1706 3024 viderent:
1776 2976 1942 3051 quas
1968 2947 2016 3021 fi
2042 2946 2285 3047 assequi
2322 2972 2460 3021 non
2516 2942 2665 3045 pos·‘

565 3039 752 3127 sent,'
804 3067 945 3115 non
970 3061 1329 3143 propterea
1359 3075 1501 3124 rem
1527 3052 1732 3150 ipsam
1758 3055 2108 3139 tollerent,
2144 3065 2282 3122 aut
2306 3047 2449 3123 fieri
2477 3041 2663 3150 posse

566 3159 930 3236 negarent:
989 3144 1170 3219 soret
1215 3152 1400 3223 enim
1442 3153 1827 3227 ridiculum:
1891 3152 2001 3228 sed
2038 3154 2152 3228 ‘vel
2195 3151 2661 3225 obscuritatem

564 3247 694 3332 rei,
752 3247 858 3320 vel
899 3249 1143 3342 ingenii
1175 3247 1286 3323 sui·
1310 3253 1837 3330 imbecillitatem
1863 3256 2312 3352 agnoscerent.
2454 3255 2662 3322 Hanc

562 3348 891 3421 rationem
926 3345 975 3423 fi
1001 3350 1358 3435 tenuissent
1391 3360 1454 3445 ii,
1503 3375 1741 3432 contra
1769 3385 1937 3459 quos
1968 3384 2006 3430 a
2029 3355 2219 3430 nobis
2249 3352 2657 3453 disputatum

566 3443 691 3534 est,
738 3454 954 3525 otium
978 3454 1172 3529 nobis
1202 3454 1505 3544 fecissent
1531 3464 1597 3532 in
1626 3463 1750 3535 hac
1780 3458 1986 3535 caussa
2011 3453 2281 3554 agenda.
2384 3448 2660 3528 Eteninl

439 3630 444 3637 ,
561 3549 946 3648 quaesissent
956 3561 1181 3654 potius
1195 3557 1279 3631 de
1297 3559 1643 3636 diuinitate
1658 3563 1988 3639 sacrorum
2018 3560 2362 3645 librorum,
2390 3580 2658 3630 eorum·

560 3673 698 3748 que
726 3656 1311 3753 interpretatione:
1388 3678 1498 3750 vt,
1555 3662 1602 3735 si
1631 3668 1922 3765 primum
1966 3666 2071 3738 illa
2097 3658 2256 3735 ell'et
2292 3661 2385 3732 ita
2409 3657 2659 3760 perspi·

559 3756 702 3825 cuis
732 3750 927 3847 signis
957 3759 1323 3853 manifesta,
1391 3785 1465 3839 vt
1505 3766 1788 3841 dubitari
1815 3768 1902 3841 de
1927 3794 2004 3840 ea
2045 3771 2190 3838 iure
2212 3784 2358 3836 non
2399 3756 2661 3860 poss‘etz

558 3854 728 3927 haec
756 3871 977 3929 autem
1007 3863 1180 3933 clare
1204 3863 1530 3954 doceret,
1571 3872 1638 3941 in
1681 3873 1760 3942 iis
1790 3872 1969 3944 libris
2010 3868 2199 3941 statui
2226 3888 2301 3938 ac
2341 3863 2653 3963 praecipi»

556 3968 728 4054 quae
756 3961 1122 4035 naturalem
1151 3967 1588 4043 necessitatem
1620 3974 1870 4046 nullam
1902 3971 2264 4055 haberent,
2328 3966 2652 4057 intellige-

556 4076 715 4136 rent
741 4060 853 4137 sua
886 4061 1140 4167 sponte.
1152 4066 1500 4146 arbitrium
1528 4075 1695 4151 illud
1724 4076 2083 4162 diuinum,··
2100 4096 2236 4146 nec
2250 4067 2654 4187 dubitarentg

2476 4193 2649 4274 qum
