2949 5023
614 346 762 416 240
1050 322 1487 393 'virture-ian
1547 342 1922 390 Anni-run
1981 345 2252 393 mvxnx
2329 356 2342 369 ν

608 508 883 600 ligionis
911 521 1127 602 partes
1157 503 1319 575 nihil
1350 500 1634 573 habeant
1674 500 2040 576 abhorrens
2071 530 2106 575 a
2141 521 2373 577 natura
2404 508 2510 579 vel
2538 506 2704 582 diui-

568 670 573 675 .
607 634 691 681 na
732 610 838 680 vel
882 609 1199 685 humana:
1246 607 1497 701 quippe
1538 602 1600 673 id
1648 609 1716 675 in
1762 612 1942 677 omni
1981 606 2103 676 hac
2130 605 2574 704 disputatione
2603 614 2700 683 in·

609 712 826 805 telligi
870 709 1234 787 voluimus;
1282 729 1435 776 cum
1480 706 1649 776 nihil
1683 708 1822 777 tale
1861 707 2058 805 poffit
2095 735 2129 777 a
2157 714 2308 780 Deo
2353 710 2700 805 proficisci.

607 813 736 885 Sed
766 817 831 884 in
874 836 957 882 eo
1001 805 1093 883 est
1136 831 1318 877 mera
1365 810 1852 887 conuenientia,
1901 832 2068 904 quae
2102 809 2272 880 hanc
2304 814 2434 881 vim
2470 812 2692 900 habet,

584 926 681 1003 ,vt
709 921 887 985 Deus
925 911 1084 982 tales
1124 930 1231 979 res
1274 905 1497 1000 poffit,
1544 907 1714 978 salua
1756 910 2078 981 maiestate
2122 911 2265 998 sua,
2324 910 2689 998 instituere,

604 1041 747 1088 non
786 1031 1002 1086 autem
1044 1008 1382 1080 necessitas
1423 1009 1586 1094 talis,
1637 1026 1711 1081 vt
1738 1029 2086 1109 repugnet,
2138 1016 2358 1084 Deum
2394 1038 2502 1085 eas
2546 1039 2692 1088 non

600 1116 950 1198 instituere,
1003 1124 1075 1182 vt
1102 1109 1385 1204 intelligi
1415 1125 1487 1180 et
1520 1111 1719 1207 plane
1746 1109 2173 1185 demonstrari
2200 1113 2419 1210 poffit,
2467 1120 2694 1188 Deum

599 1243 706 1289 eas
732 1240 835 1287 res
864 1206 1317 1311 praescribere,
1342 1214 1528 1282 ⁴etin
1559 1228 1750 1309 parte
1781 1215 2117 1303 religionis
2158 1240 2411 1312 ponere
2435 1215 2693 1288 debuis-

593 1322 675 1399 se,
717 1314 761 1388 si
802 1315 1194 1387 conseruare
1230 1311 1407 1385 suam
1454 1311 1843 1401 bonitatem,
1898 1315 2074 1387 suam
2117 1314 2521 1407 sanstitatem
2553 1321 2690 1391 vel·
2783 1348 2789 1353 ·

590 1421 705 1501 let,
757 1432 830 1488 et
859 1416 976 1488 has
1006 1413 1304 1511 denique
1341 1417 1586 1512 potius,
1636 1417 2049 1513 quam‘alias:
2091 1420 2304 1513 qualis
2347 1418 2687 1492 neceffitas

589 1518 682 1593 est
709 1521 776 1592 in
809 1516 1109 1616 partibus
1139 1518 1486 1609 religionis
1516 1519 1678 1599 eius,
1728 1542 1927 1615 quam
1962 1521 2330 1591 naturalem
2353 1545 2688 1607 vocemus,

588 1644 767 1720 quae
796 1618 891 1691 est
921 1634 1066 1691 tota
1103 1610 1371 1717 prorsus
1404 1616 1784 1690 neceffaria:
1832 1619 2003 1690 vnde
2035 1617 2128 1699 fit,
2180 1637 2254 1692 vt
2284 1647 2518 1693 omnes
2547 1624 2689 1693 eius

456 1744 459 1749 ·
583 1741 812 1823 partes
850 1724 1120 1794 rationis
1173 1721 1502 1790 humanae
1558 1724 1656 1791 vis
1711 1716 1952 1815 assequi
2007 1720 2232 1819 poffit‚
2300 1741 2372 1794 et
2411 1718 2685 1794 assecuta

583 1816 699 1898 fit:
736 1821 941 1922 quod,
984 1842 1219 1895 omnes
1247 1822 1494 1906 vident,
1546 1824 1740 1894 secus
1773 1820 1903 1894 ess‘e
1930 1826 1996 1893 in
2025 1826 2121 1907 iis,
2171 1822 2255 1892 de
2283 1824 2524 1920 quibus
2557 1848 2681 1896 nos

583 1927 1008 2025 disputamus,
1058 1926 1404 2012 religionis
1432 1921 1835 1996 Christianae
1872 1922 2186 2021 partibus.
2289 1925 2453 1995 Illud
2481 1922 2681 1998 etiam

580 2030 901 2109 fatemur,
963 2021 1075 2097 ista
1113 2024 1405 2119 instituta
1446 2052 1587 2097 non
1639 2023 1847 2096 modo
1880 2049 2019 2095 non
2067 2024 2427 2096 abhorrere
2458 2052 2494 2097 a
2526 2050 2678 2122 per·

578 2126 873 2204 seEiione
902 2125 1146 2212 diuina,
1192 2127 1299 2197 sed
1328 2130 1472 2198 eius
1516 2131 1718 2198 etiam
1753 2124 2300 2217 magnitudinem,
2348 2130 2481 2198 vim
2510 2128 2676 2199 diui·

530 2252 537 2257 ·
576 2232 703 2304 nae
738 2230 1174 2322 benignitatis,
1219 2226 1598 2313 sanstitatis,
1642 2228 2138 2327 sapientiaeque,
2186 2229 2521 2324 praeclare
2565 2227 2674 2298 de-

576 2329 963 2417 monstrare,
1018 2331 1089 2402 id
1128 2331 1308 2428 quod
1353 2328 1670 2401 omnibus
1718 2331 1980 2427 paginis
2022 2329 2320 2419 clamant
2343 2328 2678 2426 E-pistolae

574 2436 924 2519 Paullinae,
959 2456 1218 2530 nosque
1252 2435 1517 2530 propria
1549 2431 2026 2529 Disputationis
2056 2445 2245 2528 parte
2274 2430 2671 2504 demonstra·

572 2558 762 2612 turos
807 2533 1071 2636 profesti
1115 2537 1348 2607 sumus.
1453 2535 1583 2605 Sed
1627 2560 1712 2605 ne
1758 2538 1892 2607 hoe
1935 2535 2202 2631 quidem
2235 2536 2436 2606 talem
2468 2533 2680 2607 efficit

570 2640 1039 2723 neceffitatem,
1092 2639 1355 2736 qualem
1388 2633 1517 2707 ess'e
1557 2640 1624 2707 in
1669 2635 2077 2709 naturalibus
2107 2637 2680 2734 religionis·parti··

570 2741 696 2813 bus
748 2742 1043 2811 diximus.
1148 2745 1547 2836 Sapientiam
1587 2737 1844 2812 arbitrii
1876 2738 2084 2811 diuini
2124 2763 2202 2809 ea
2245 2763 2352 2809 res
2385 2739 2672 2810 demon·

567 2840 739 2928 strat,
770 2866 905 2912 non
937 2839 1273 2914 arbitrium
1307 2843 1519 2937 ipsum
1553 2842 1750 2913 tollit.
1831 2847 2083 2939 Neque
2109 2842 2284 2912 enim
2319 2839 2672 2915 arbitrium

568 2942 677 3013 sua
705 2958 935 3012 natura
969 2943 1276 3036 repudiat
1305 2943 1691 3025 bonitatem,
1735 2940 2061 3026 iustitiam,
2113 2945 2509 3038 sapientiam,
2556 2940 2676 3013 sed·

569 3042 653 3116 ab
687 3068 759 3113 ea
792 3045 858 3112 in
892 3042 1169 3110 homine
1196 3047 1334 3133 regi
1364 3041 1577 3124 debet,
1618 3047 1689 3112 in
1720 3046 1876 3118 Deo
1906 3045 2164 3141 semper
2195 3049 2458 3137 iegitur,
2504 3071 2672 3133 non,

566 3163 658 3230 vt,
712 3142 1025 3244 quicquid
1058 3138 1137 3211 ab
1173 3143 1245 3212 iis
1277 3166 1417 3212 non
1450 3139 1800 3230 abhorret,
1830 3145 1898 3216 id
1926 3143 2137 3218 statim
2171 3147 2498 3226 decernat,
2551 3146 2666 3219 sed

562 3265 657 3332 vt,
713 3245 893 3345 quod
937 3242 1278 3322 decernat,
1327 3244 1391 3313 id
1438 3248 1514 3314 iis
1559 3243 1821 3338 semper
1859 3249 2251 3334 consentiat,
2295 3249 2359 3318 id
2403 3254 2479 3319 iis
2523 3250 2665 3320 illu-

560 3346 832 3421 strandis
875 3344 1097 3446 proiit.
1202 3349 1396 3424 Quae
1439 3344 1595 3430 duc,
1646 3344 1859 3434 video,
1909 3376 1942 3417 a
1991 3352 2259 3421 nouitiis
2308 3350 2662 3447 disputato·

557 3450 741 3520 ribus
772 3463 1001 3548 parum
1033 3447 1352 3520 subtiliter
1381 3445 1727 3532 confundi,
1780 3473 1935 3519 cum
1981 3447 2109 3522 sint
2137 3453 2340 3545 longe
2371 3452 2659 3523 diuersa:

560 3574 771 3646 eaque
815 3580 918 3621 res
963 3577 1086 3622 nos
1128 3549 1462 3633 admonet,
1511 3564 1582 3616 vt
1623 3566 1855 3621 contra
1899 3577 2135 3623 eorum
2184 3557 2516 3626 rationem
2544 3556 2668 3626 ali<

558 3653 717 3747 quid
762 3651 844 3720 de
895 3654 1186 3722 vniuersa
1232 3652 1567 3742 religionis
1616 3653 1935 3753 οἰκονομίᾳ
1963 3653 2279 3725 dieamus.
2386 3655 2512 3726 Sed
2545 3680 2662 3727 an·

555 3771 624 3824 te
652 3750 1068 3824 absoluamus
1101 3752 1187 3836 id,
1241 3754 1418 3850 quod
1453 3778 1636 3822 nunc
1662 3759 1938 3846 agimus,
2046 3757 2401 3830 Videamus
2431 3761 2655 3849 igitur,

432 3896 441 3901 ·
555 3854 868 3955 quicquid
918 3849 1011 3923 est
1052 3852 1507 3924 institutorum
1554 3855 2021 3942 humanorum,
2075 3860 2144 3929 in
2174 3859 2536 3953 republica,
2584 3864 2656 3930 in

554 3957 827 4041 artibuS,
876 3959 941 4026 in
992 3954 1326 4052 disciplina
1372 3957 1637 4051 publica
1682 3973 1751 4028 et
1793 3960 2079 4054 priuata:
2153 3958 2466 4031 omnibus
2516 3962 2657 4031 hoc

552 4065 968 4160 reperiemus
1011 4053 1137 4132 effe
1180 4080 1573 4146 commune,
1643 4074 1714 4132 vt
1759 4058 2047 4133 habeant
2084 4060 2654 4152 coniunstionem

2356 4166 2647 4262 aliquam
