2949 5023
548 405 690 477 302
1199 398 1309 444 ot:
1379 377 2015 445 unumunurn*

505 621 510 628 .
546 563 816 663 imperii
844 574 914 633 et
931 560 1178 659 patriae
1208 554 1593 658 pertinuisse
1610 573 1734 631 cet.
1766 556 1853 630 ef.
1870 543 2103 648 Rollin,
2132 557 2427 637 Maniere
2454 559 2651 637 d’ltu·

548 673 680 741 dier
703 677 764 737 et
782 665 1091 762 enseigner
1117 663 1202 733 les
1216 665 1394 733 belles
1423 665 1644 734 lettres
1661 661 1731 734 T.
1748 665 1800 734 Ι
1799 667 1883 735 II
1878 722 1893 737 .
1896 690 1969 758 p.
1990 686 2154 758 379.
2157 667 2301 763 sqq.
2344 668 2474 737 His
2491 689 2649 762 por.

547 793 628 841 ro
657 762 943 839 sensibus
982 763 1260 863 publicis
1308 765 1593 834 ciuitatis
1620 768 1958 835 Romanae
1985 765 2378 858 adiungunt,
2424 771 2489 836 in
2526 763 2649 836 diss

409 865 415 874 ’
546 871 790 968 ciplina
818 864 1406 940 commemoranda
1435 879 1506 938 et
1537 865 1937 960 explicanda,
1980 871 2308 939 maiorum
2340 863 2649 955 instituta,

549 988 624 1045 vt
651 971 867 1044 Cicero
903 971 1084 1044 Verr.
1114 970 1260 1050 III,
1295 973 1408 1059 69.
1439 964 1548 1040 vbi
1575 970 1802 1040 liberos
1841 973 2091 1041 erudire
2128 967 2313 1040 iubet
2352 975 2439 1041 ad
2460 974 2650 1041 maio·

550 1098 692 1147 rum
736 1067 1020 1171 instituta
1047 1081 1110 1142 et
1157 1069 1533 1164 dfiiplinam
1571 1073 1879 1154 ciuitatis,
1944 1068 2239 1167 locisque
2285 1070 2453 1140 aliis:
2494 1093 2647 1141 'nec

553 1176 907 1273 quicquam
950 1171 1365 1267 frequentius
1403 1167 1512 1256 est,
1563 1168 1739 1268 apud
1790 1172 2059 1242 Latinos
2099 1170 2408 1268 quidem,
2456 1194 2646 1242 men·

550 1280 738 1348 tione
771 1271 1234 1359 institutorum,
1287 1293 1457 1368 quae
1487 1271 1676 1368 saepe
1705 1296 1860 1342 cum
1892 1271 2189 1343 moribus
2220 1276 2649 1362 coniunguw

550 1395 682 1461 tur,
726 1374 903 1472 apud
932 1376 1226 1446 Graecos
1272 1389 1511 1457 autern,
1559 1370 1865 1445 laudibus
1907 1370 2358 1445 institutorum
2404 1381 2647 1448 Roma·

554 1501 825 1562 norum,
871 1491 946 1550 ,vt
971 1472 1145 1572 apud
1178 1476 1528 1572 Polybium,
1573 1476 1639 1544 in
1670 1473 1818 1544 libri
1860 1474 2012 1546 sexti
2041 1479 2401 1573 excerptis3
2448 1478 2513 1546 in
2540 1475 2649 1546 his

554 1583 720 1665 eius,
767 1601 906 1697 quo
938 1577 1006 1647 in
1037 1575 1383 1647 funeribus
1414 1575 1738 1648 nobilium
1784 1575 2157 1672 vtebantur,
2206 1576 2390 1673 quod
2421 1577 2528 1647 ille
2559 1579 2651 1648 ait

556 1675 1059 1753 efficacnffimum
1107 1673 1296 1750 fuisse
1352 1675 1430 1749 ad
1477 1677 2017 1769 ingenerandum·
2047 1703 2343 1750 amorem
2389 1677 2659 1750 virtutis*

556 1798 629 1854 et
667 1775 889 1864 leudis,
935 1799 1006 1850 et
1052 1778 1451 1852 iniiciendos
1494 1775 1789 1851 stimulos
1831 1804 2069 1872 ‘rerum
2122 1805 2247 1877 pro
2291 1781 2497 1879 patria
2536 1802 2651 1872 ge-

550 1879 923 1957 rendarum.
1023 1878 1312 1953 viciffim
1345 1883 1556 1953 Latini
1590 1880 1776 1978 saepe
1802 1877 2093 1952 instituta
2111 1885 2401 1978 Lycurgi
2435 1898 2503 1952 et
2532 1885 2650 1952 So·

551 1988 725 2060 lonis
771 1981 1057 2070 laudant,
1107 2001 1180 2056 vt
1220 1981 1630 2055 solertissime
1669 1981 2060 2075 excogitata,
2103 1999 2171 2055 et
2217 1979 2647 2055 efficacissima

555 2087 640 2160 ad
683 2088 997 2157 virtutem
1046 2085 1310 2156 ciuium.
1413 2087 1728 2179 Denique
1768 2087 2271 2155 exercitationes
2301 2084 2648 2158 sollemnes

554 2205 625 2261 et
654 2185 921 2286 publice
949 2186 1370 2284 praescriptas
1402 2200 1958 2269 commemorant,
1991 2185 2234 2282 quibus
2264 2213 2319 2256 v.
2338 2212 2388 2256 c.
2420 2189 2650 2257 iuuen-

548 2307 657 2364 tus
711 2304 1013 2359 vteretur
1053 2284 1442 2370 necessario,
1486 2304 1559 2358 vt
1601 2287 2060 2358 consuesceret
2103 2283 2426 2360 molestias
2469 2286 2647 2360 labo·

548 2415 736 2474 rum,
783 2393 1220 2489 paupertati3‚
1265 2388 1532 2460 dolores
1574 2387 1929 2459 vulnerum
1970 2389 2178 2472 ferre,
2231 2391 2643 2486 omninoque

397 2498 410 2511 ‘
548 2493 786 2578 facere,
835 2492 1029 2589 quod·
1058 2503 1339 2590 propter
1380 2492 1732 2564 vtilitatem
1777 2489 2111 2591 publicam
2153 2489 2333 2565 bello
2378 2516 2456 2562 ac
2477 2515 2651 2591 pace

495 2586 498 2589 A
548 2593 920 2671 faciendum
954 2588 1129 2664 esset.

702 2718 770 2791 9.
825 2690 1082 2781 Quodsi
1126 2692 1567 2791 Philosopbos
1621 2695 2024 2771 consulimus
2074 2694 2267 2792 super
2296 2695 2657 2795 disciplina*

551 2801 809 2898 priuata
860 2801 1135 2883 virtutiS,
1176 2812 1248 2868 et
1289 2799 1572 2867 ciuitatis
1604 2794 1882 2894 publica,
1937 2795 2167 2867 eadem
2199 2801 2425 2869 omnia
2454 2824 2645 2897 repe—

550 2904 762 2972 rimus
805 2900 874 2971 in
901 2896 1220 2996 partibus
1267 2895 1645 2997 disciplinae
1686 2902 1872 2998 poni.
1979 2898 2396 2970 Admirabilis
2440 2902 2643 2996 inpri-

550 3002 683 3071 mis
738 3002 805 3069 in
847 2999 980 3069 hoc
1016 3015 1419 3092 argumento
1461 2997 1807 3072 trassando
1858 2995 1948 3072 est
1975 3002 2191 3088 Plato,
2265 3004 2453 3073 cuius
2497 3000 2645 3073 libri
2746 2998 2767 3007 f

549 3100 811 3174 Politici
836 3097 1008 3169 nihil
1038 3099 1335 3199 pulcrius
1377 3101 1627 3173 habent
1668 3101 2219 3199 disputationibus
2248 3102 2328 3173 de
2362 3103 2649 3202 discipli-

549 3227 635 3274 m
670 3202 918 3300 priuata
957 3216 1027 3271 et
1062 3199 1346 3299 publica,
1390 3218 1465 3272 vt
1490 3205 1793 3300 inprimis
1841 3202 2010 3275 liber
2041 3219 2304 3302 quartus
2335 3211 2409 3275 de
2436 3209 2657 3299 Repe·
2762 3202 2769 3217 '

550 3307 723 3392 blica,
744 3326 883 3375 non
900 3323 1068 3374 vnus
1086 3307 1159 3374 de
1173 3307 1463 3401 Legibus,
1478 3320 1551 3374 vt
1563 3308 1843 3402 primuS,
1871 3303 2210 3388 secundus„
2227 3305 2550 3403 septimuS,
2568 3318 2643 3378 et

544 3409 890 3501 Epinomis.
987 3402 1114 3473 Sed
1141 3404 1252 3475 ille
1283 3403 1671 3501 disciplinae,
1721 3431 1847 3505 per
1888 3432 2083 3506 quam
2118 3406 2280 3476 boni
2306 3409 2421 3475 viri
2450 3422 2520 3476 et
2548 3409 2640 3477 ci·

544 3530 662 3581 ves
694 3506 869 3589 fiant,
923 3508 1145 3579 omnia
1176 3531 1249 3578 ea
1275 3504 1527 3591 tribuit,
1582 3532 1748 3604 quae
1773 3533 1898 3580 nos
1926 3511 1994 3578 in
2023 3511 2166 3577 eius
2193 3504 2486 3604 partibus
2516 3530 2641 3603 po·

546 3605 808 3680 suimus,
908 3608 1186 3703 Epifi‘eti
1213 3607 1648 3680 Enchiridien
1676 3606 1982 3708 profesto
2018 3608 2183 3679 nihil
2218 3606 2416 3679 babet
2445 3606 2655 3696 aliud,-

547 3732 747 3806 quam
793 3706 1192 3806 disciplinam
1233 3710 1512 3782 virtutis
1628 3716 1787 3784 Eam
1832 3727 2052 3782 autem
2096 3708 2297 3781 trudit
2334 3709 2639 3796 sensibus¹

545 3807 870 3891 institutis,
917 3827 986 3879 et
1024 3811 1632 3900 exercitationibus,
1688 3818 1858 3912 aptis
1909 3809 1989 3885 ad
2030 3815 2288 3884 virtutis
2339 3834 2638 3905 amorem
2752 3901 2775 3907 -
2870 3868 2879 3871 ι

429 3926 436 3935 “
546 3925 615 3984 et
657 3906 1201 3983 consuetudinem
1253 3911 1751 4008 suscipiendam,
1794 3928 1887 3999 v't,
1939 3916 2053 4011 qui
2102 3916 2336 4008 legerit
2364 3930 2643 4009 attente,

543 4014 734 4084 facile
775 4013 1094 4105 reperiet:
1145 4010 1320 4082 vnde
1363 4018 1608 4087 Graeci
1649 4015 2055 4113 Philosophi,
2108 4018 2219 4113 qui
2262 4015 2327 4085 id
2355 4018 2636 4117 opuscu-

541 4113 686 4188 lum
705 4113 1634 4216 commentariis-illustrauere,
1654 4118 1982 4193 Arrianus
1996 4131 2067 4188 et
2080 4120 2444 4212 Simplicius,
2469 4118 2661 4234 mul:-

2586 4233 2642 4291 n
