2949 5023
551 410 711 486 ε’,
845 452 877 471 .
1148 371 1159 401 ³
1426 414 1768 464 aus-1

552 575 756 674 Lenia
799 571 915 651 ista
964 571 1091 649 ess‘e
1138 571 1526 661 didicimus,
1563 578 1797 676 ‘iisque
1839 571 2179 675 captandis
2208 570 2656 676 notandisque

550 708 791 786 paruas
835 679 1080 753 animas
1111 673 1441 750 delectari.

580 850 583 857 .
695 780 909 854 Etiam
938 782 1219 881 primam
1251 780 1399 852 libri
1431 793 1708 876 partem,
1731 779 1870 851 h.e.
1903 778 2154 879 septem
2184 781 2402 878 priora
2421 780 2656 878 capita,

551 888 938 960 mittemus:
994 886 1060 953 in
1095 880 1335 979 quibus
1381 880 1546 953 nihil
1582 879 1704 970 est,
1819 878 1956 953 uod
1999 880 2333 980 pertineat
2368 878 2447 952 ad
2489 906 2658 962 eam,

553 1014 752 1088 quam
784 980 1139 1056 defendere
1167 981 1601 1081 suscepimus,
1641 908 1938 1055 caeliam.
2090 986 2259 1054 Sunt
2285 985 2463 1053 enim
2513 981 2657 1053 fere

552 1085 888 1169 historica,
967 1084 1371 1183 pertinentia
1404 1082 1487 1156 ad
1526 1087 1992 1181 antiquitatem
2038 1087 2388 1178 Liturgiae‘
2421 1086 2661 1155 Roma·

551 1216 710 1275 nae,
768 1203 1135 1271 eteorum,
1193 1212 1362 1283 quae
1402 1188 1515 1259 hic
1553 1184 2033 1285 proferuntur,
2091 1187 2663 1258 ‘sacramentario-

550 1317 742 1375 rum,
816 1287 896 1361 ad
942 1285 1144 1365 libros
1190 1286 1482 1387 denique
1524 1290 1863 1386 antiquos,
1935 1286 2113 1387 vnde
2154 1286 2317 1360 haec
2361 1287 2664 1386 exempla
2767 1306 2800 1349 ἃ

554 1389 755 1466 ἆυξὶει
781 1388 963 1462 sunt:
1015 1415 1423 1489 quamquam
1454 1405 1529 1462 et
1555 1391 1623 1461 in
1658 1390 1762 1461 his
1780 1390 1935 1462 sunt
1963 1385 2382 1463 conieGurae
2401 1389 2664 1488 plures,
2701 1424 2714 1447 ·

553 1490 640 1566 de
671 1489 913 1592 quibus
939 1490 1132 1563 facile
1159 1493 1227 1561 in
1260 1509 1609 1590 vti-amque
1638 1508 1898 1590 partem
1936 1486 2245 1592 disputes,
2274 1496 2473 1563 etiam
2491 1513 2664 1588 quae
2747 1506 2760 1519 ²

558 1586 852 1685 conuelli
924 1618 1003 1665 ac
1078 1590 1355 1666 dissolui.
1399 1590 1675 1693 poffint‚
1773 1598 2147 1669 Muratorio
2203 1596 2221 1664 i
2229 1592 2346 1691 pso
2396 1592 2666 1679 fatente,

560 1699 749 1797 (pag.
783 1699 937 1786 ⁷¹·)
988 1694 1157 1767 nihil
1184 1697 1251 1769 in
1293 1697 1396 1767 his
1429 1699 1603 1768 certi
1635 1692 1782 1768 effe.
1885 1702 2117 1794 Itaque
2145 1695 2342 1767 etiam
2373 1718 2528 1767 cum
2561 1714 2666 1783 res

556 1792 734 1875 bene
763 1800 873 1887 agi
904 1794 1197 1881 videtur,
1234 1812 1306 1868 vt
1338 1822 1495 1869 cum
1529 1794 1609 1868 de
1629 1790 2008 1879 Gelasimo,
2050 1793 2235 1895 quod
2264 1807 2519 1880 vocant,
2557 1799 2667 1867 Sa·

558 1901 1000 1989 cramenoerio
1044 1903 1152 1994 (p.
1194 1923 1278 1985 55
1312 1897 1397 1991 s.)
1445 1901 1756 1974 aduersus
1794 1904 1920 1972 Iac.
1954 1899 2330 1997 Bafhogium
2360 1895 2670 1992 disputat,

561 2004 855 2095 origines
883 1995 1069 2071 istius
1101 1996 1183 2069 ad
1198 1998 1531 2073 decimum
1564 2002 1849 2074 seculum
1881 1997 2328 2072 retrahentem
2358 2000 2425 2068 in
2444 1994 2665 2068 Histo-

561 2102 657 2178 ria
694 2097 1015 2171 Ecclesiae
1057 2098 1462 2173 Christianae
1511 2106 1652 2197 (T.
1692 2108 1770 2175 11.
1811 2121 1876 2200 p.
1919 2104 2133 2194 946.)
2187 2115 2407 2171 tamen
2461 2099 2671 2171 multu
2819 2084 2826 2091 ⁸

564 2198 963 2274 dicicontra
1005 2194 1309 2299 poffunt:
1386 2207 1455 2274 in
1487 2203 1591 2274 his
1620 2200 1817 2286 illud,
1881 2200 2069 2298 quod
2111 2215 2336 2273 tamen
2380 2200 2671 2272 redeunt

554 2305 795 2393 ,omnia
827 2300 990 2383 huc,
1057 2317 1131 2373 vt
1161 2301 1241 2373 ad
1270 2303 1833 2399 interpolationes
1875 2316 1945 2372 et
1984 2297 2424 2374 additamenta
2457 2296 2672 2400 poste-

563 2396 757 2472 rioris
785 2400 1015 2470 aetatis
1028 2401 1561 2491 confugiendum
1593 2398 1685 2488 fit,
1715 2406 1785 2474 in
1806 2396 2125 2473 ”vetustate
2148 2404 2290 2474 eius
2320 2400 2672 2476 asserenda.
2740 2449 2744 2454 ·

567 2507 730 2589 Quo
761 2498 904 2598 ipso
932 2498 1219 2592 dignitas
1247 2494 1586 2597 Liturgiae
1611 2503 1800 2577 valde
1835 2506 2203 2579 minuitur}
2251 2529 2408 2577 cum
2437 2529 2514 2576 ea
2562 2528 2671 2575 res

567 2625 883 2696 magnam
932 2598 1311 2676 facultatem
1360 2603 1506 2691 det,
1567 2609 1791 2679 omnia
1841 2604 1997 2676 inde
2040 2601 2232 2677 duaa
2275 2623 2672 2700 argumenta

551 2701 923 2798 eludendi,
989 2716 1058 2774 et
1102 2723 1231 2803 pro
1265 2703 1894 2808 interpolationibus
1940 2705 2366 2807 repudiandi,
2428 2706 2674 2805 quibus

574 2805 650 2880 in
676 2799 1073 2901 disputando
1103 2813 1428 2903 premare.

550 2987 559 2991 ,
721 2911 953 2978 Vnum
990 2901 1083 2976 est
1108 2926 1344 3007 caput,
1391 2906 1477 2981 de
1504 2933 1677 3006 quo,
1723 2910 1831 2982 vel
1862 2905 2150 3009 exempli
2180 2904 2406 2991 cauffo,
2442 2921 2678 2981 contra

569 3005 904 3107 disputare
948 3004 1204 3093 lubeat,
1284 3015 1360 3079 de
1394 3016 1638 3111 origine
1678 3011 2019 3112 Litargiae
2069 3007 2501 3108 Eucharistiae
2544 3015 2677 3083 vni-

368 3181 373 3188 ,
432 3191 439 3202 ⁴
569 3109 793 3206 versit,
841 3099 1025 3204 quod
1054 3104 1148 3180 est
1172 3110 1242 3180 in
1275 3113 1609 3209 principio
1636 3138 1677 3184 o
1733 3116 1877 3184 eris.
1947 3118 2033 3184 Et
2060 3114 2355 3210 primum
2386 3103 2681 3211 quidem,

550 3205 767 3309 “quod
804 3207 1139 3308 adfirmat,
1209 3213 1338 3284 iam
1386 3212 1467 3285 ab
1499 3137 1837 3312 Apolfolis
1874 3231 2131 3285 certum
2179 3237 2460 3309 precum
2507 3211 2680 3284 ordi-

567 3337 749 3400 nem,
764 3309 802 3383 s.
819 3312 1191 3403 Liturgiam
1207 3308 1714 3387 Eucharisticam
1731 3313 2088 3388 institutam
2109 3340 2128 3398 ;
2165 3310 2213 3384 fi
2228 3313 2678 3399 itaintellexit,

546 3429 640 3505 „vt
667 3411 749 3486 ad
777 3411 1160 3512 exemplum
1191 3412 1461 3506 Christi,
1510 3418 1694 3488 cuius
1721 3415 2052 3489 auditores
2079 3413 2379 3501 fuerant,
2443 3438 2678 3511 preces

548 3529 642 3603 ,et
668 3513 1062 3616 σύχαςιςίας
1090 3513 1400 3604 fecerint,
1462 3515 1629 3591 nihil
1662 3513 1780 3605 est,
1841 3513 2022 3617 quod
2070 3529 2302 3590 eontra
2347 3514 2679 3590 dicamus:

574 3609 645 3690 at
671 3611 719 3690 fi
749 3617 1110 3688 formulam
1141 3635 1391 3691 certam
1421 3644 1500 3691 nc
1530 3614 1867 3691 definitam
1897 3620 2094 3690 certis
2126 3614 2435 3714 statisque
2465 3615 2679 3689 verbis
2807 3621 2808 3630 ’

546 3717 925 3816 intelligit,
973 3716 1182 3811 longe
1216 3743 1253 3791 a
1278 3744 1437 3792 vero
1470 3717 1750 3792 aberrat.
1896 3716 2235 3792 Nondum
2263 3718 2389 3791 illis
2418 3735 2682 3819 tempo·

544 3819 760 3900 ,ribus
788 3813 828 3889 e
854 3815 1148 3891 formula
1172 3844 1404 3918 preces
1439 3815 1679 3906 fastae,
1707 3841 1927 3918 neque
1953 3819 2260 3921 publice,
2295 3843 2521 3918 neque
2551 3823 2682 3920 pri·

470 3969 475 3974 -
546 3924 812 4020 ’vatimz
886 3917 1173 3995 formula
1215 3937 1440 3995 autem
1485 3924 1878 4005 Dominica‚
1949 3922 2135 3995 velut
2180 3923 2678 4024 compendium
2741 4013 2746 4018 .

573 4019 912 4121 quoddam
938 4018 1324 4121 εὐχαςις-ιῶν
1350 4037 1423 4094 et
1450 4020 1661 4119 εὐχῶν
1690 4026 2020 4110 omnium,
2063 4047 2312 4123 preces,
2356 4030 2680 4121 cuiusque

536 4123 851 4224 ⁴ingenio
879 4111 1110 4209 fastas,
1155 4120 1610 4202 concludebat.
1679 4131 1715 4222 (
1731 4123 1955 4205 lustin.
1986 4129 2095 4204 M.
2119 4125 2321 4229 Apol·
2347 4126 2433 4202 nd
2461 4125 2679 4240 Anto·

1254 4261 1261 4268 ·
2537 4249 2679 4300 nm·
