2949 5023
617 351 760 434 ¹532ss
1001 324 1007 334 '
1072 339 1196 408 ,nn
1262 345 1772 399 »narsum-ra
1803 401 1806 408 ,
1837 347 2230 406 conotus

626 587 637 594 ,
757 535 827 601 7.
897 515 1057 583 Nec
1103 509 1241 583 hoc
1284 506 1886 586 contemnendum·
1921 524 2398 606 argumentum
2444 512 2721 603 videtur,

607 614 799 717 quod
826 609 1141 706 Christus,
1181 606 1415 683 iubens
1447 635 1684 685 omnes
1711 610 1979 700 bibere,
2008 614 2183 686 hanc
2209 608 2490 686 caussam
2521 615 2722 706 addit,

611 715 802 821 quod
830 718 1059 788 vinum
1088 709 1477 812 porret‘ium
1507 709 1586 786 sit
1614 714 1877 807 sanguis
1907 715 2079 787 suuS.
2142 712 2309 791 Τὲτο
2333 711 2476 816 γεῖς
2506 720 2609 800 ἔτι
2640 715 2721 796 vo*

613 811 801 917 qipd
826 846 959 915 μω
1013 842 1158 888 nam
1184 815 1279 888 hic
1303 814 1389 913 est
1405 817 1672 918 fimguis
1703 840 1886 888 meus.
2003 822 2257 914 Neque
2290 823 2473 891 enim
2493 817 2564 888 id
2588 818 2721 891 alio

605 922 949 1024 pertinere
976 911 1229 1016 potest,
1291 942 1526 1017 quam,
1585 941 1678 991 ne
1709 921 1859 1014 quis
1890 907 2226 992 detrestet'
2263 916 2526 1001 bibere,
2598 945 2721 1018 per

524 1107 527 1114 ,
615 1018 898 1112 caussam
933 1019 1273 1104 satietatis,
1322 1035 1396 1090 vt
1428 1016 1525 1091 fit.
1673 1022 1869 1092 Enim
1896 1045 2094 1112 vero,
2150 1016 2195 1091 si
2225 1022 2396 1093 nihil
2422 1018 2599 1094 aliud
2642 1026 2720 1100 in

608 1124 926 1217 sanguine
949 1113 1186 1192 Christi
1213 1116 1726 1212 intelligendum
1759 1134 1936 1208 erat,
1993 1146 2193 1218 quam
2219 1119 2440 1216 figura
2464 1122 2718 1222 sangui-⁸
2805 1204 2809 1207 Α

608 1230 712 1313 nis
742 1246 865 1326 per
898 1235 1187 1295 mortem
1219 1218 1582 1314 fundendi,
1653 1236 1725 1293 et
1751 1224 2077 1314 cogitatio
2108 1227 2513 1296 imminentis
2541 1247 2750 1298 mor··

609 1331 727 1424 tis,
806 1348 954 1402 non
1016 1320 1381 1395 tollebatur
1439 1320 1763 1395 excusatio
1824 1324 2403 1422 praetermittendi
2464 1326 2716 1402 calicisz

607 1430 867 1530 quippe
892 1451 970 1499 ea
1002 1425 1322 1518 cogitatio
1348 1438 1419 1496 et
1442 1439 1601 1495 ante
1627 1424 1843 1497 oblata
1874 1443 2015 1498 erat
2029 1426 2443 1500 sermonibus
2457 1424 2727 1515 christi,

609 1546 684 1616 et
711 1543 977 1626 poterat
1008 1524 1149 1600 fine
1176 1544 1352 1623 potu
1380 1527 1519 1598 vini
1545 1524 1873 1626 vsurpari:
1905 1526 2110 1609 ,vnde
2137 1529 2311 1600 aliud
2337 1528 2716 1606 firmamena

597 1649 763 1727 *tum
796 1623 1048 1704 caussae
1074 1625 1332 1702 nostrae
1357 1630 1686 1716 exoritur,
1731 1627 1817 1700 de
1841 1654 1982 1726 quo
2010 1625 2160 1729 post
2188 1630 2509 1718 dicemus,

636 1809 645 1818 ‚
767 1745 830 1815 8.
866 1734 1002 1817 Qui
1027 1745 1282 1824 negant
1315 1731 1793 1827 proprietatem
1818 1727 2183 1805 verborum
2196 1730 2434 1807 Christi
2463 1749 2535 1805 et
2551 1732 2716 1804 veri-

611 1843 827 1906 tatem
858 1834 1163 1931 corporis
1193 1846 1264 1903 et
1292 1832 1627 1924 sanguinis
1659 1834 1729 1905 in
1759 1835 1985 1905 Coena
2026 1833 2235 1917 sacra,
2296 1833 2511 1904 solent
2557 1835 2713 1920 hoc,

606 1949 680 2008 vt
707 1935 1005 2033 inprimis
1038 1932 1402 2033 speciosum
1429 1949 1929 2025 argumentum,
1967 1934 2304 2030 vsurpare,
2373 1950 2446 2005 vt
2472 1934 2711 2023 dicant,

605 2031 655 2106 fi
685 2062 790 2108 res
835 2038 927 2107 ita
953 2031 1064 2132 fit,
1124 2051 1198 2107 vt
1236 2059 1361 2106 nos
1406 2037 1724 2118 velimus,
1781 2060 1818 2105 a
1865 2033 2188 2132 discipulis
2225 2030 2460 2106 Christi
2508 2033 2710 2107 verba

606 2135 894 2230 intelligi
922 2159 1070 2209 non
1097 2131 1404 2235 potuisse.
1531 2134 1728 2208 Vnde
1751 2139 1936 2206 enim
1968 2131 2384 2223 intellexisse,
2444 2160 2600 2218 cum
2631 2139 2728 2211 in*

602 2236 920 2328 omnibus
944 2236 1368 2311 sermonibus
1399 2233 1634 2310 Christi
1661 2235 1831 2309 nihil
1870 2234 2075 2309 simile
2099 2241 2449 2311 occurrat?
2545 2245 2706 2312 Nec

604 2356 723 2428 aut
762 2365 801 2412 a
830 2337 1091 2414 Christo
1137 2339 1223 2411 de
1267 2366 1343 2412 ea
1380 2363 1457 2411 re
1505 2340 1866 2427 monitos,
1897 2334 2149 2427 effead
2186 2338 2703 2432 intelligendum

602 2456 1065 2543 praeparatos,
1095 2456 1210 2515 aut
1237 2440 1412 2542 ipsos
1440 2439 1802 2514 admiratos
1828 2437 1956 2514 ess’e
1978 2466 2125 2516 rem
2153 2442 2373 2528 talem,
2403 2459 2480 2527 et,
2500 2444 2701 2514 inter·
2765 2471 2768 2484 ·
2813 2463 2816 2464 *

596 2541 858 2637 rogasse
899 2547 1276 2643 quicquam.
1419 2541 1553 2616 Sed
1593 2544 1920 2640 tropicam
1968 2546 2296 2617 rationem
2339 2547 2422 2617 iis
2462 2554 2698 2618 notam'

598 2643 790 2727 fuisse
819 2673 857 2719 e
881 2646 1211 2732 sermone,
1253 2670 1456 2744 quem
1491 2646 1684 2743 saepe
1712 2648 2408 2719 commemorauimus.
2508 2652 2698 2720 Fate-

597 2771 791 2834 mur,
869 2746 1202 2821 Christum
1258 2748 1444 2820 vsum
1501 2743 1625 2819 effe
1678 2745 1922 2846 phrasi,
1997 2749 2187 2819 cuius
2228 2772 2426 2819 verus
2471 2746 2697 2821 sensus

601 2846 932 2945 discipulis
963 2852 1170 2922 notus
1197 2847 1387 2936 esset,
1432 2852 1585 2946 quia
1611 2847 1906 2921 tradebat
1932 2873 2367 2938 remnouam,
2401 2873 2529 2920 nec
2556 2851 2692 2948 ipse

599 2946 968 3048 explicabat
992 2949 1354 3024 verborum
1385 2949 1671 3038 sensum,
1722 2960 1851 3021 nec
1896 2950 2195 3051 discipuli
2229 2948 2325 3041 'de
2367 2977 2450 3024 eo
2493 2955 2698 3023 inter·

596 3046 963 3146 rogabant,
1024 3050 1208 3148 quod
1248 3048 1550 3124 solebant
1589 3040 1840 3140 facere,
1896 3076 2054 3125 cum
2101 3054 2473 3149 haererent.
2620 3055 2692 3125 Si

594 3174 820 3247 autem
852 3149 1161 3229 'constitit
1206 3154 1282 3226 iis
1325 3150 1407 3223 de
1447 3152 1631 3232 sensu
1671 3152 2063 3241 verborum,
2133 3169 2207 3226 vt
2263 3158 2560 3253 primum
2612 3179 2691 3226 ea

594 3257 1020 3342 audiuerant,
1086 3279 1257 3335 ,eum
1297 3269 1669 3327 tenuerunt
1709 3254 1815 3326 vel
1855 3279 1895 3325 e
1935 3254 2256 3353 superiori
2299 3254 2521 3353 aliquo
2564 3253 2692 3328 ser·

589 3382 798 3432 mone
837 3351 1106 3445 Christi,
1162 3358 1268 3430 vel
1311 3382 1353 3429 e
1394 3353 1573 3429 libris
1602 3351 2016 3429 Testamenti
2050 3355 2326 3443 veteris,
2392 3380 2687 3455 quorum

586 3458 806 3533 sermo
847 3462 924 3533 iis
964 3468 1107 3532 erat
1131 3459 1247 3532 vsu
1290 3457 1626 3556 frequenti
1666 3473 1737 3531 et
1767 3476 1955 3532 certo
1996 3464 2325 3553 cognitus.
2471 3461 2688 3556 Atqui

585 3562 705 3633 illo
733 3559 940 3634 inodo
970 3586 1109 3635 non
1138 3576 1622 3655 cognouerant.
1738 3565 1920 3632 Nam
1956 3558 2163 3632 sermo
2212 3559 2325 3631 ille
2368 3557 2547 3657 apud
2580 3567 2686 3633 lo·

581 3662 876 3735 himnem
912 3685 1053 3736 non
1101 3663 1237 3736 huc
1265 3682 1332 3734 et
1356 3661 1442 3733 ad
1478 3664 1651 3735 hanc
1689 3659 1971 3735 caussam
2012 3666 2340 3762 pertinet,
2399 3668 2684 3761 propter

579 3789 686 3838 eas
713 3760 982 3851 caussas,
1046 3791 1207 3863 quas
1232 3760 2128 3849 ante'commemorauimus,
2193 3778 2262 3834 et
2295 3759 2684 3839 dissimilitu-

436 3883 445 3894 ·
579 3866 805 3941 dinem
837 3892 1096 3938 rerum:
1154 3869 1407 3966 quippe
1444 3864 1534 3938 ibi
1569 3891 1709 3939 non
1736 3863 2025 3937 edebant
2049 3881 2163 3941 aut
2190 3861 2542 3952 bibebant,
2605 3868 2680 3938 in

573 3992 712 4063 quo
745 3963 1039 4042 Christus
1069 3991 1334 4040 carnem
1372 3956 1485 4058 filii
1517 3968 1810 4041 homini<
1845 3966 1951 4039 edi
1986 3986 2104 4055 aut
2128 3967 2507 4060 sanguinem
2538 3963 2679 4039 bibi

575 4068 841 4149 diceret.
964 4072 1146 4167 Ergo
1179 4069 1620 4174 relinquitur,
1663 4086 1755 4183 ‚vt
1796 4095 1836 4144 e
1863 4069 2280 4150 Testamenti
2309 4070 2575 4242 vffrl's‘
2601 4083 2678 4139 et

626 4212 637 4219 ·
2452 4194 2494 4245 ο
2523 4192 2672 4244 anco
