2949 5023
602 374 749 446 320
1276 369 1388 417 DI
1453 369 2033 418 insultanti&

599 548 766 627 gent
807 531 1157 631 scripturas
1186 528 1480 614 diuinam,
1541 524 1650 599 sed
1680 529 1911 611 etiam,
1969 523 2019 599 fi
2064 530 2178 625 qui
2220 526 2452 620 legent
2491 528 2705 603 libros

512 672 515 675 1
597 636 968 719 humanos,
1016 651 1088 704 vt
1115 626 1492 711 historicos,
1535 633 1844 728 poeticos
1872 644 1999 699 cet.
2026 630 2094 699 in
2123 630 2369 726 quibus
2400 629 2710 724 proderit

576 763 740 809 ,non
774 756 1023 834 parum,
1063 731 1110 803 fi
1139 724 1421 824 magistri
1451 727 1908 802 demonstrent
1933 728 2710 816 sensuumfaltitudinenb

600 835 1010 910 honestatem
1028 887 1046 920 ,
1091 831 1683 932 pulchritudinem,
1729 857 1855 903 nec
1883 831 2092 904 modo
2121 856 2328 930 quum
2356 858 2395 902 a
2424 830 2706 930 scripto-

598 938 786 1013 ribus
818 939 1057 1009 diserte
1085 948 1603 1034 proponuntur‚
1666 948 1742 1003 vt
1780 929 1857 1003 fit
1889 931 2076 1030 saepe
2089 964 2109 1015 3
2210 932 2318 1003 sed
2379 934 2580 1005 etiarn
2633 936 2708 1006 in

604 1040 921 1135 exemplis
949 1040 1269 1111 virtutum
1303 1050 1374 1105 et
1412 1033 1783 1133 praeclare,
1837 1030 1902 1101 h.
1932 1058 1990 1107 e.
2034 1058 2189 1106 cum
2220 1050 2571 1107 contemtu
2599 1060 2708 1107 re-

572 1167 754 1214 rum
784 1142 1256 1221 humanarum,
1319 1137 1428 1207 vel
1476 1134 1913 1207 admiratione
1951 1153 2023 1207 et
2062 1160 2293 1207 amore
2319 1138 2485 1223 Dei,
2547 1137 2700 1215 reli·

600 1245 857 1337 gionis,
912 1237 1096 1319 fidei,
1146 1232 1348 1309 officii
1377 1232 1728 1308 faaorum.
2480 1307 2484 1312 ,

492 1342 497 1345 ’
749 1365 863 1428 25.
927 1335 1260 1415 Dostores
1290 1354 1511 1409 autem
1541 1332 1899 1420 Ecclesiae,
1942 1360 2229 1432 quorum
2251 1338 2324 1408 in
2350 1351 2564 1410 aetate
2592 1335 2702 1409 ad·

595 1444 732 1516 vlta
762 1444 1043 1514 maxime
1072 1438 1443 1537 occupa'tur
1472 1434 1796 1521 officium,
1861 1436 1942 1509 ad
1987 1438 2161 1510 hanc
2189 1437 2456 1536 quidem
2498 1441 2702 1511 ratio·

591 1569 786 1631 nem,
850 1546 890 1613 i.
922 1567 978 1611 e.
1011 1539 1233 1640 quoad
1274 1542 1344 1610 in
1385 1537 1769 1611 hominibus
1795 1536 1875 1610 ad
1915 1540 2237 1637 pietatem
2279 1555 2349 1613 et
2375 1543 2695 1613 virtutem

593 1640 1028 1719 Christianam
1066 1638 1471 1715 adducendis
1528 1640 1868 1729 laborant,
1936 1642 2221 1712 maxime
2270 1657 2342 1712 et
2391 1644 2693 1738 inprimis

492 1738 499 1749 ’
597 1745 738 1819 hoc
764 1761 969 1841 agent
996 1746 1066 1815 in
1098 1740 1603 1827 concionando,
1660 1758 1735 1815 vt
1767 1738 1894 1813 istis
1925 1738 2205 1813 sensibus
2241 1741 2546 1814 omnibus
2578 1746 2698 1816 im-

596 1847 807 1919 buant
850 1849 1112 1918 animos
1164 1843 1614 1928 audientium,
1692 1868 1808 1915 eos
1857 1841 2486 1931 commemorando,
2557 1846 2692 1918 lau·

596 1948 873 2035 dando,
932 1963 1003 2018 et
1034 1970 1175 2046 ,per
1214 1944 1469 2018 idonea
1493 1961 1877 2037 argumenta
1914 1943 2486 2031 commendando,
2564 1969 2691 2017 nec

566 2049 804 2125 ·modo
838 2073 1049 2146 quum
1080 2045 1470 2146 propriede
1514 2047 1738 2145 aliquo
1768 2070 2005 2118 eorum
2045 2072 2293 2140 genere
2320 2064 2433 2119 aut
2462 2043 2688 2120 officio

570 2153 818 2250 ·aliquo
847 2149 1071 2222 dicere
1100 2146 1476 2233 instituent,
1524 2148 1630 2218 scd
1664 2150 1861 2219 etiam
1893 2173 2018 2245 per
2045 2149 2463 2233 omnesalias
2496 2148 2718 2220 occa·'

438 2320 441 2329 .
568 2250 845 2338 -fiones;
893 2276 1106 2350 quum
1132 2250 1216 2323 de
1243 2275 1313 2322 ca
1368 2248 1568 2321 itibus
1599 2246 1753 2322 fidei
1780 2248 2016 2331 dicent,
2061 2247 2143 2320 de
2169 2251 2563 2343 Euangelio,
2602 2247 2687 2323 de

587 2352 774 2428 fastis
804 2350 1037 2425 Christi
1065 2369 1135 2425 et
1162 2276 1554 2443 sauciorum
1572 2405 1588 2436 ‚
1633 2376 1800 2450 quae
1829 2352 1900 2423 in
1929 2350 2271 2449 scripturis
2294 2350 2686 2441 traduntur3

588 2454 698 2532 vbi
727 2457 927 2529 etiam
965 2455 1209 2527 facient
1239 2448 1593 2532 efficacius.
1738 2457 1968 2550 Itaque
1998 2455 2112 2551 qui
2143 2454 2327 2525 volet
2357 2454 2483 2525 hac
2510 2452 2689 2526 disci-

568 2560 817 2660 ¹plinae
846 2573 1036 2655 parte
1064 2573 1203 2628 tam
1232 2552 1582 2627 necess‘aria
1613 2580 1698 2626 eo
1726 2555 1933 2627 modo
1966 2558 2093 2643 vti,
2162 2555 2337 2628 hnic
2374 2553 2485 2628 sibi
2529 2581 2685 2653 pro·

568 2665 802 2761 *priam
845 2655 1203 2731 constituat
1252 2672 1511 2755 partem
1553 2654 1997 2730 discendarum
2057 2673 2130 2728 et
2189 2656 2687 2732 scrutandarum

585 2764 1092 2860 scripturarum,
1156 2761 1404 2832 vtillos
1431 2759 1649 2832 sensus
1675 2760 1746 2830 in
1777 2757 2144 2857 scriptu'riS,
2193 2761 2299 2832 vel
2328 2785 2450 2855 per
2495 2784 2685 2858 prae-

586 2880 815 2960 cepta,
859 2862 962 2934 vel
993 2888 1115 2962 per
1143 2861 1440 2961 exempla
1465 2856 1883 2959 propositos,
1942 2875 2172 2944 notet,
2236 2860 2319 2932 ad
2348 2877 2527 2933 certa
2573 2886 2679 2933 ca-

584 2966 726 3061 pita
749 2960 1035 3064 redigat,
1102 2988 1308 3059 eaque
1349 2966 1619 3059 penitus
1664 2961 1972 3060 percursa
2017 2959 2282 3048 habeat,
2343 2979 2417 3036 vt
2456 2977 2682 3061 parete

444 3133 447 3136 ,
581 3060 666 3135 fit
705 3064 1014 3135 materiae
1051 3065 1281 3160 copia,
1344 3060 1523 3133 vnde
1558 3063 1846 3153 sumere,
1922 3063 2190 3162 quando
2234 3079 2305 3136 et
2346 3083 2677 3162 quantum

570 3189 759 3262 ‘opus
787 3158 884 3249 fit,
931 3161 1147 3262 poffit,
1192 3180 1262 3234 et
1291 3188 1450 3235 vero
1479 3166 1675 3234 etiarn
1702 3169 1772 3235 in
1803 3167 2056 3262 primis,
2105 3179 2175 3238 vt
2202 3164 2337 3265 ipse
2364 3163 2496 3237 istis
2526 3166 2673 3236 sen-

577 3265 752 3341 sibus
778 3268 1013 3366 plenus
1045 3281 1116 3337 et
1145 3264 1429 3336 refertus
1459 3260 1563 3350 fit,
1595 3281 1666 3336 et
1708 3265 1789 3338 ad
1831 3269 2244 3355 memoriam,
2299 3282 2370 3339 et
2411 3265 2490 3338 ad
2531 3268 2669 3337 ani-

575 3393 788 3443 mum.
889 3372 986 3441 Ita
1011 3366 1299 3450 facilius,
1349 3381 1545 3464 atque
1580 3370 1779 3439 etiam
1807 3392 1964 3442 cum
1991 3387 2074 3441 eo
2100 3370 2298 3441 enimi
2327 3382 2535 3450 motu,
2576 3392 2668 3439 eo

574 3473 761 3544 vocis
792 3470 959 3543 sono
976 3522 995 3553 ,
1039 3495 1122 3543 eo
1150 3469 1339 3542 vultu
1367 3466 1579 3559 dicet,
1620 3484 1691 3540 vt
1717 3472 1962 3556 omnia,
2010 3494 2151 3543 non
2176 3485 2309 3541 tam
2339 3495 2375 3539 a
2402 3493 2667 3541 memo·

564 3575 674 3657 ,ria
712 3572 1154 3671 suppeditata,
1232 3595 1428 3666 quam
1474 3569 1555 3643 ab
1595 3570 1736 3667 ipso
1779 3568 2053 3673 pestere
2098 3587 2247 3644 nata
2287 3569 2672 3659 videantur3

575 3672 770 3770 quod
799 3674 910 3744 hic
936 3678 1217 3748 maxime
1246 3670 1516 3745 disertos
1544 3671 1727 3747 facit.
1877 3678 2034 3745 Nec
2062 3697 2219 3747 vero
2259 3676 2379 3757 ita,
2446 3699 2666 3771 quum

572 3775 643 3849 fe
671 3773 754 3872 qd
782 3769 1163 3850 discendum
1191 3772 1487 3848 instituet
1504 3830 1522 3861 ,
1580 3772 1901 3867 indigebit
1939 3799 2352 3873 magnopere
2378 3774 2664 3854 aliorum

568 3876 966 3974 scriptorum
988 3929 1007 3962 ,
1105 3876 1587 3973 sapientiaeque
1649 3893 1721 3947 et
1778 3879 2030 3968 ingenii
2073 3878 2348 3949 humani
2406 3880 2661 3950 auxilio.

566 3981 834 4051 Etenim
862 3977 1044 4074 pleni
1083 3976 1234 4047 sunt
1259 3973 1409 4047 libri
1437 3979 1595 4047 sacri
1628 3977 1728 4048 his
1755 3974 2038 4050 senfibus
2067 3979 2440 4065 omnibus,.
2471 3979 2661 4077 pleni

554 4082 857 4182 inprimis
875 4077 1173 4152 Dauidici
1200 4076 1852 4176 hymni,'Salomonis
1883 4078 2365 4155 sententiarum
2399 4096 2471 4151 et
2498 4103 2656 4150 con·

2372 4206 2657 4255 monum
