2949 5023
290 320 438 386 er
466 320 650 374 πῖνε
683 321 1010 375 eoonrr.
1040 325 1231 375 nar.
1266 324 1468 374 nvm-
1501 323 1819 377 aarum
1850 329 2093 381 mr.
2164 306 2320 402 619

208 500 397 571 tum,
458 506 734 558 omnem
775 490 1510 560 veterem'memoriam
1551 498 1900 587 repetens,
1954 487 2330 588 potuissent·

207 588 540 672 inuenire,
584 584 1007 677 tradidi-ssent,
1034 586 1451 686 eoaque'ess‘e
1479 590 1675 675 soloe,
1715 594 1828 689 qui
1858 595 1922 663 in
1954 591 2119 666 boni
2149 593 2330 667 sume

205 691 308 761 mi
336 687 486 761 sede
516 714 663 762 rem
689 688 1020 765 eiusmodi
1052 688 1507 788 reposuiffent,
1523 717 1652 790 qua
1683 695 2063 787 intelligens
2088 710 2160 773 et
2191 696 2332 767 im-;

209 792 513 871 mortalis
543 807 792 881 natura,
845 817 1001 864 eum
1048 792 1301 863 summa
1346 794 1715 891 voluptate,
1763 820 1887 893 per
1926 792 2324 869 infinitas&—

205 892 375 974 euh,
421 887 558 965 sine
602 892 739 966 vllo
785 898 923 966 eius
954 892 1334 990 perdendae
1372 897 1695 993 periculo,
1744 914 1812 968 et
1839 893 1976 968 fine
2002 898 2328 980 satietate,=
2417 964 2436 981 N

199 993 469 1095 perfrui
507 990 740 1094 poss'et.
785 996 796 1006 ’
837 999 898 1068 Is
942 997 1135 1067 locus
1179 1011 1321 1069 erat
1355 996 2188 1097 memoriterdepromtus
2230 1022 2328 1071 ex,

203 1096 788 1171 commentariolis
839 1094 1095 1183 nostris,
1144 1094 1501 1193 inquibus
1537 1100 1852 1195 quasdam
1884 1098 2332 1199 disputatiun-⁸

202 1198 415 1282 culae,
461 1197 572 1270 sed
613 1197 956 1269 inchoatas
1001 1222 1108 1268 eas
1146 1196 1373 1270 adhuc
1414 1215 1485 1271 et
1507 1199 1722 1289 rudes,
1776 1201 2120 1286 habemus,
2167 1203 2311 1296 qui-

200 1297 334 1371 bus
365 1300 805 1398 impietatem,
840 1322 996 1370 cum
1028 1301 1337 1370 omnium
1365 1325 1619 1386 eorum,
1649 1307 1769 1399 qui
1793 1328 2091 1387 omnem,
2123 1325 2326 1400 prae-2

198 1415 315 1475 tet
342 1401 727 1488 naturalem,
766 1399 1164 1492 religionem
1196 1401 1472 1489 tollunt,
1517 1417 1665 1472 tum
1698 1404 1768 1472 in
1798 1408 2029 1501 primis
2058 1400 2332 1482 Tind··.
2471 1438 2478 1455 ·

199 1502 308 1588 lii,
384 1502 681 1576 hominis
744 1499 1105 1574 acutissime
1167 1503 1387 1600 impii,
1460 1502 1847 1576 conuellere
1919 1506 2334 1600 cogitamus..

198 1606 421 1687 Nam,
463 1628 621 1677 eum
650 1606 908 1702 primae
936 1601 1411 1701 disputationes
1440 1606 1784 1676 versentur
1813 1607 1881 1677 in
1908 1631 2013 1691 eo,
2056 1623 2149 1692 vt,
2180 1631 2334 1705 qua·-

202 1708 475 1779 ratione
512 1708 815 1806 plerique
855 1707 929 1777 in
965 1706 1103 1778 hoe
1137 1708 1494 1802 impietatis
1543 1730 1793 1799 genere
1834 1707 2332 1785 conuincendo.

206 1822 505 1892 vtantur,
557 1834 704 1881 eam
740 1806 1086 1880 mihitnon
1128 1807 1277 1880 satia
1304 1805 1575 1907 probari
1604 1808 1924 1897 doceam,·
1956 1806 2332 1883 neceffario·

206 1913 413 1984 efiam
449 1909 830 2004 attingenda
874 1907 1001 1981 fuit
1022 1935 1100 1981 ea
1141 1912 1326 1996 ratio,
1377 1935 1548 2009 quae
1594 1936 1672 1983 ex
1718 1910 1987 1985 historia
2014 1911 2328 2009 philoso··

199 2011 404 2113 Phia
426 2010 773 2099 mffim’
815 2034 973 2084 ⁰⁰¹³
1003 2014 1093 2084 ἢ*
1119 2011 1468 2111 disputan,
1496 2015 1708 2086 multa
1733 2009 1861 2086 ess'e
1889 2011 1978 2087 de
2003 2010 2364 2085 moribus-f
2509 2019 2516 2026 '

203 2139 247 2186 a
278 2113 467 2187 sacris
496 2110 921 2210 scriptoribus
953 2109 1179 2185 diuine
1207 2132 1587 2213 praecepta,
1634 2129 1949 2214 tanquam
1982 2113 2065 2187 de
2093 2116 2330 2187 inimi-·

207 2218 306 2288 ois
336 2215 646 2300 amandis,
674 2240 855 2312 quae¹
873 2214 1207 2288 veteribus
1240 2215 1660 2313 philosophis
1692 2220 1963 2310 cognita
1994 2242 2133 2289 non
2165 2214 2328 2288 fuis-·

203 2317 371 2391 sent.
466 2317 666 2414 Atqui
696 2319 893 2390 certia
921 2313 1311 2391 testimoniis
1355 2344 1467 2391 me
1496 2318 1779 2392 sciebam
1806 2315 1990 2415 posse
2031 2317 2324 2390 demon-1

202 2420 422 2510 strare,
445 2419 607 2493 nihil
631 2413 760 2491 effe
789 2446 869 2491 ex
895 2445 1000 2509 eo,
1031 2417 1117 2491 de
1149 2445 1289 2520 quo
1321 2420 1612 2506 tradunt,
1654 2446 1918 2517 genere,
1951 2417 2133 2519 quod
2165 2442 2328 2493 non-

203 2540 280 2597 et
309 2528 379 2597 in
406 2541 710 2598 veterum
744 2522 1307 2622 philosophorum
1334 2528 1711 2624 praeceptis
1739 2526 2123 2623 reperiatur.
2176 2518 2324 2593 Sed.

203 2627 387 2704 idem
421 2630 622 2699 etiam
664 2623 991 2709 videbam,
1045 2622 1179 2697 ess‘e
1221 2628 1359 2714 alia,
1405 2643 1477 2700 et
1519 2652 1597 2698 ex
1640 2625 1877 2699 eodem
1924 2624 2005 2697 de
2035 2648 2324 2700 morum·

200 2730 600 2829 praeceptis,
620 2777 627 2788 ·
650 2745 722 2800 et
746 2752 829 2799 er
869 2725 1132 2799 diuerso
1159 2752 1425 2819 genere,
1466 2725 1512 2798 si
1539 2730 1686 2826 quie
1727 2730 1855 2800 hac
1881 2730 2136 2799 ratione
2177 2726 2328 2798 vel-1

195 2832 295 2902 let
322 2834 438 2916 vti,
492 2855 663 2928 quae
704 2857 742 2903 a
779 2845 1088 2902 veterum
1130 2829 1694 2929 philosophorum
1736 2830 2174 2922 intelligentia
2200 2826 2311 2900 ab·

194 2928 486 3018 fuissent,
537 2956 694 3004 eum
725 2933 1013 3004 nuncin
1044 2932 1231 3006 sacris
1259 2929 1448 3005 libris
1478 2931 1718 3003 tradita
1745 2947 2114 3004 teneamus.
2179 2937 2302 3003 At·

193 3056 332 3130 que
362 3035 433 3106 in
464 3033 579 3105 his·
600 3049 748 3114 erat
775 3036 978 3106 etiam
1020 3032 1189 3108 illud
1218 3032 1302 3104 de
1343 3033 1602 3106 summo
1630 3031 1842 3116 bono,
1880 3036 1948 3105 in
1978 3058 2119 3130 quo
2149 3032 2307 3106 loco

196 3158 363 3207 eum
398 3138 704 3208 omnium
749 3133 1253 3233 propemodum
1288 3153 1592 3210 veterum
1641 3135 2198 3233 philosophorum
2233 3148 2309 3206 et

193 3238 561 3330 ingenium*
579 3253 650 3310 et
677 3238 903 3334 oratio
924 3241 1208 3309 maxime
1231 3240 1578 3312 consumta
1606 3235 1701 3326 fit,
1716 3263 1919 3310 nemo
1952 3254 2175 3308 tamen
2207 3259 2309 3307 re·

193 3358 433 3435 pertus
460 3336 574 3425 est,
617 3341 735 3434 qui
765 3364 998 3412 verum
1025 3336 1104 3411 ad
1133 3336 1341 3412 finem
1372 3338 1711 3412 bonorum
1755 3338 2009 3411 aditum
2039 3334 2309 3408 muniis-

195 3439 312 3512 set.
410 3445 507 3514 Ex
531 3440 771 3514 eodem
802 3465 1048 3534 genere
1075 3437 1785 3541 disputatiuncularum
1814 3435 2179 3511 nostrarum
2211 3433 2307 3510 est

190 3537 396 3617 ‘etiam
440 3569 538 3627 ea,
580 3569 714 3640 qua
754 3540 1200 3628 ostendimus,
1248 3544 1437 3642 quod
1476 3541 1674 3614 multi
1718 3539 1783 3612 se
1829 3555 2071 3640 putent
2112 3564 2311 3634 argu·

196 3646 449 3715 mentia
479 3668 561 3715 ex
588 3644 890 3717 humano
922 3646 1202 3738 ingenio
1232 3648 1537 3742 repetitis
1579 3641 2025 3716 neceffitatem
2057 3642 2312 3713 reuela-

198 3746 405 3816 tionis
456 3745 734 3817 alieuius
775 3744 1056 3831 diuinae,
1097 3761 1173 3816 vt
1214 3746 1743 3842 Theologorum
1787 3742 1997 3819 verbo
2027 3759 2309 3829 vtamur,

200 3842 646 3918 demonſtr-are
690 3845 896 3943 posse,
917 3845 1011 3934 ,id
1038 3845 1260 3938 longe
1290 3871 1327 3919 a
1354 3871 1518 3921 vero
1542 3846 1831 3922 alienum
1876 3843 2318 3924 iudicandum

198 3942 344 4022 effe.
444 3955 677 4046 Atque
704 3948 905 4021 huius
937 3946 1396 4046 disputationis
1423 3948 1747 4022 summam
1775 3945 1954 4032 Tibi,
1986 3948 2106 4018 Vir
2133 3946 2316 4018 sum-

110 4049 113 4054 ’
195 4072 313 4125 me
350 4045 779 4139 Reuerendo,
843 4049 958 4125 hie
1002 4047 1299 4130 breuiter
1341 4047 1806 4153 exponendam
1849 4044 2044 4124 statui
2060 4076 2094 4121 ε.
2140 4071 2310 4220 ποτὲ,

350 4189 359 4196 ·
616 4175 627 4188 “
2120 4173 2255 4249 quo
