2949 5023
541 292 700 393 106¹
1407 296 1868 393 'lxxxx'

535 504 697 559 nem
737 480 806 553 in
841 478 1167 573 Litai-gin,
1221 484 1563 548 vt'eorum
1610 470 1918 573 exemplo
1960 468 2355 545 incendatur
2398 473 2629 572 pietas·

529 580 771 683 'Atque
796 581 933 654 huc
963 581 1307 678 pertinent
1333 602 1438 661 ea,
1482 600 1653 678 quae
1684 603 1749 677 p.
1777 585 1940 666 263.
1968 600 2009 646 e
2036 576 2389 648 latinarum
2416 580 2633 653 Litur-
2734 664 2749 681 ς

538 689 801 780 giarum
825 678 1227 754 carminibus
1263 674 1637 753 testimonia
1662 678 2114 778 proferuntur.
2166 683 2403 778 Itaque
2433 682 2630 757 intel-¹·
2716 696 2731 707 ²

532 784 881 879 ligendum
910 778 1056 869 effe,
1105 803 1340 877 preces
1369 777 1514 853 fieri
1541 797 1798 853 tantum
1828 805 1954 878 pro
1984 776 2288 871 fidelibus
2314 781 2447 851 vita
2475 782 2628 856 fun·

531 886 697 975 ais,
762 886 874 982 qui
906 881 1207 956 nondum
1240 883 1311 953 in
1355 884 1620 954 coelum
1650 884 1966 979 atque'in
1996 881 2276 953 chorum
2307 884 2630 959 coelitum

531 987 664 1065 lint
691 1015 726 1060 a
754 992 905 1057 Deo
933 986 1204 1083 recepti.
1306 985 1434 1054 Pro
1464 983 1568 1055 his
1596 999 1816 1056 autem
1840 1007 2074 1081 preces
2107 981 2247 1079 fieri
2278 984 2529 1072 solitas,
2559 1004 2632 1064 et

533 1089 993 1180 Liturgiarum
1037 1085 1342 1157 omnium
1386 1082 1812 1173 testimoniis,
1866 1103 1938 1158 et
1965 1089 2025 1157 S.
2062 1088 2122 1157 S.
2153 1091 2423 1159 Petrum
2456 1093 2632 1164 επεὶ·
2699 1082 2702 1095 ’

532 1188 995 1289 quiffimorum
1025 1183 1415 1258 anfi-*oritate
1439 1183 1702 1260 firmari.
1817 1193 1993 1275 Iam,
2056 1186 2240 1286 ‹juod
2269 1186 2350 1260 ad
2380 1189 2630 1290 suppli·

535 1292 835 1363 cationes
878 1283 1112 1361 faustis
1151 1284 1298 1361 fieri
1340 1284 1559 1359 solitas
1586 1292 1852 1375 attinet,
1909 1315 2017 1361 eas
2059 1304 2261 1382 negat
2292 1296 2633 1390 pertinere

534 1418 655 1479 eo,
731 1405 808 1462 vt
847 1392 976 1461 Dei
1021 1384 1364 1474 maiestati,
1443 1406 1558 1461 aut
1600 1389 1835 1464 Christi
1892 1390 2185 1485 dignitati
2227 1395 2340 1463 fiat
2380 1397 2635 1470 iniuria.
2694 1482 2699 1491 ὃ

531 1498 726 1569 Nam
757 1515 884 1562 nec
909 1491 990 1564 ab
1018 1489 1169 1591 ipsis
1199 1486 1517 1564 beneficia
1543 1495 1712 1591 peti,
1769 1517 1899 1568 nec
1940 1494 2114 1566 iniis
2159 1495 2340 1590 spem
2386 1494 2636 1570 benefi-

534 1597 798 1668 ciorum
825 1592 1400 1693 impetrandorum
1418 1595 1749 1683 collocari,
1793 1620 2085 1693 quorum
2114 1595 2278 1667 illud
2298 1601 2450 1670 Deo
2475 1604 2635 1696 pro·

589 1699 763 1768 rium
794 1689 954 1779 effe,
982 1695 1117 1767 hoc
1144 1690 1441 1767 Christo:
1497 1720 1726 1768 verum
1756 1711 1827 1769 vt
1854 1697 2013 1769 vtile
2046 1695 2141 1784 fit,
2171 1699 2278 1769 vel
2303 1697 2388 1769 de
2414 1696 2636 1776 nostra

529 1722 1076 1874 {utheranorum
1107 1792 1543 1882 confeffione‚
1573 1796 2042 1871 commendare
2071 1798 2132 1870 se
2154 1796 2464 1895 precibus
2493 1805 2638 1900 pio-

533 1926 727 1983 rum,
787 1896 948 1971 dum
981 1894 1110 1969 {int
1140 1900 1206 1969 in
1234 1898 1436 1984 viuis,
1507 1898 1593 1971 ita
1634 1900 1806 1972 nihil
1845 1897 2170 1996 impedire
2211 1915 2431 1994 putat,
2495 1928 2638 2001 quo

399 2086 410 2093 „
534 2003 764 2075 minus
809 2024 933 2099 nos
981 1998 1288 2099 precibus
1329 2017 1785 2088 mortuorum,
1852 2003 1967 2099 qui
2004 2002 2071 2070 in
2118 2001 2312 2071 coelo
2352 1997 2507 2086 sint,
2562 2019 2635 2076 et

532 2098 715 2202 apud
745 2105 969 2172 Deum
1003 2100 1300 2193 gratiosi,
1330 2101 1904 2174 commendemus.
2007 2098 2133 2187 Sed
2165 2118 2438 2199 vtraque
2467 2104 2637 2177 haec

528 2204 737 2289 ratio,
786 2225 1190 2301 quamquam
1218 2198 1554 2274 moderata
1584 2216 1653 2272 et
1679 2202 1870 2290 lenis,
1918 2215 2146 2274 tamen
2174 2209 2451 2276 maxima
2466 2208 2638 2301 ‘vitia

529 2302 775 2379 habet:
822 2329 998 2399 quae
1023 2328 1144 2396 age
1172 2302 1464 2375 breuiter
1490 2303 1881 2396 aperiemus.

684 2412 787 2477 Ac
820 2404 986 2477 illud
1015 2403 1285 2500 quidem
1312 2403 1376 2472 ei
1406 2398 1674 2486 demus,
1719 2403 1904 2498 quod
1938 2403 2063 2487 ait,
2123 2425 2250 2501 pro
2279 2404 2638 2482 coelitibus

533 2506 1062 2606 supplicationes
1094 2526 1439 2602 nunquam
1469 2495 1665 2575 fabiae
1698 2500 1839 2588 else,
1885 2502 2068 2602 quod
2104 2510 2298 2578 etiam
2329 2533 2637 2605 pugnare

533 2601 977 2689 Renaldotium
1011 2605 1234 2692 video,
1267 2609 1334 2679 in
1364 2605 1546 2676 notis
1574 2602 1651 2676 ad
1684 2608 2052 2700 Liturgiam
2076 2608 2361 2701 Nestorii
2379 2635 2447 2709 p.
2468 2617 2635 2705 645,

533 2716 766 2782 nixum
806 2709 950 2779 satis
994 2705 1236 2781 diserto
1263 2705 1608 2809 Augustini
1641 2702 2051 2780 testimonio:
2116 2733 2521 2807 quamquam
2565 2727 2641 2787 et

529 2807 934 2885 Nestoriana
963 2809 1069 2881 illa
1084 2812 1403 2900 Liturgia,
1450 2821 1522 2876 et
1553 2807 1825 2880 aliorum
1845 2809 2010 2894 loca,
2057 2809 2372 2882 videntur
2401 2812 2637 2886 aduer-

527 2905 694 2995 Τὼ,
738 2903 1096 3009 propterea
1124 2908 1332 3007 quod,
1375 2903 1424 2979 fi
1455 2906 1617 3005 quid
1647 2910 1971 3008 eiusmodi
2006 2911 2073 2979 in
2103 2914 2414 3008 Liturgiis
2446 2939 2641 3016 repe,-

537 3014 744 3096 rit'ur,
791 3011 1037 3108 pariter
1065 3009 1440 3107 eodemque
1469 3008 1678 3081 modo
1709 3010 2011 3109 explicari
2039 3008 2285 3108 potest,
2316 3040 2455 3113 quo
2489 3017 2639 3115 sup·

537 3114 936 3218 plicationes
965 3136 1096 3211 pro
1126 3112 1361 3183 ceteris
1390 3107 1687 3182 fidelium
1717 3127 2145 3189 mortuorum
2176 3116 2667 3211 intelligendas

540 3215 956 3289 docebimus.
1101 3217 1175 3283 In
1206 3214 1414 3286 altero
1447 3224 1670 3283 autem
1719 3218 1959 3313 capite,
2018 3213 2103 3284 de
2150 3215 2457 3312 precibus
2506 3243 2639 3318 pro
2733 3258 2745 3264 —

536 3316 850 3392 fidelibus
880 3317 1012 3386 vita
1037 3311 1330 3402 funffls,
1366 3313 1608 3386 vitium
1647 3338 2088 3412 permagnum
2114 3317 2251 3388 hoc
2281 3316 2403 3403 est,
2454 3318 2643 3417 quod

539 3444 686 3493 non
712 3417 997 3490 firmauit
1027 3419 1462 3511 Liturgiarum
1491 3428 1560 3486 et
1592 3419 1859 3490 Patrum
1889 3415 2276 3492 testimoniis
2307 3418 2409 3503 id,
2452 3419 2644 3519 quod

459 3545 464 3552 ’
535 3517 832 3594 ‘maxime
876 3521 1231 3616 quaeritur.
1375 3519 1645 3590 Etenim
1687 3516 1885 3590 nostri
1914 3519 2021 3593 vbi
2065 3545 2220 3592 cum
2254 3521 2642 3619 Theologis

540 3622 859 3693 Romanis
890 3618 972 3690 de
1002 3620 1137 3694 hoc
1161 3646 1407 3716 genere
1435 3644 1712 3717 precum
1752 3621 2107 3722 disputant,
2181 3616 2519 3720 quaerunt
2559 3624 2645 3698 de

543 3718 857 3824 precibus
890 3722 1007 3812 iis,
1071 3749 1242 3821 quae
1283 3719 1543 3822 prosint
1582 3726 1859 3797 mortuis
1888 3727 2064 3798 hanc
2101 3723 2173 3794 in
2208 3743 2509 3824 partem,
2568 3744 2648 3802 vt

531 3835 666 3896 'eos
711 3823 996 3894 liberent
1034 3849 1073 3894 a
1112 3829 1483 3922 purgatorii
1528 3825 1697 3918 ignis
1738 3825 2132 3899 cruciatibus
2172 3852 2250 3897 ac
2288 3826 2647 3928 suppliciis,

546 3921 956 4025 impetranda
986 3947 1218 3998 eorum
1242 3942 1675 4023 peccatorum
1705 3932 1926 4019 venia,
1958 3954 2130 4047 quae
2158 3933 2226 4000 in
2260 3929 2368 4003 illa
2397 3932 2645 4028 Vtopia

488 4051 494 4057 ⁴
547 4029 734 4102 luere
763 4023 1110 4101 dicuntur:
1179 4028 1296 4101 has
1326 4025 1459 4102 {ine
1490 4023 1919 4122 austeritate,
1979 4043 2197 4108 unmo'
2222 4049 2380 4106 ‘vero
2409 4047 2646 4106 contra

2452 4158 2642 4234 prae-
