<?xml version="1.0" encoding="UTF-8"?>
<!DOCTYPE html PUBLIC "-//W3C//DTD XHTML 1.0 Transitional//EN"
    "http://www.w3.org/TR/xhtml1/DTD/xhtml1-transitional.dtd">
<html xmlns="http://www.w3.org/1999/xhtml" xml:lang="en" lang="en">
 <head>
  <title>
</title>
<meta http-equiv="Content-Type" content="text/html;charset=utf-8" />
  <meta name='ocr-system' content='tesseract 3.04.00' />
  <meta name='ocr-capabilities' content='ocr_page ocr_carea ocr_par ocr_line ocrx_word'/>
</head>
<body>
  <div class='ocr_page' id='page_1' title='image "./ioaugernestiopu00ernegoog_0080.png"; bbox 0 0 2949 5023; ppageno 0'>
   <div class='ocr_carea' id='block_1_1' title="bbox 536 400 1805 495">
    <p class='ocr_par' dir='ltr' id='par_1_1' title="bbox 536 372 1805 495">
     <span class='ocr_line' id='line_1_1' title="bbox 536 400 1805 495; baseline 0 -29"><span class='ocrx_word' id='word_1_1' title='bbox 536 400 694 495; x_wconf 90' lang='grc'><strong>64</strong></span> <span class='ocrx_word' id='word_1_2' title='bbox 942 485 947 494; x_wconf 58' lang='lat'>,</span> <span class='ocrx_word' id='word_1_3' title='bbox 1339 420 1805 490; x_wconf 59' lang='lat' dir='ltr'><strong>,area-1</strong></span> 
     </span>
    </p>
   </div>
   <div class='ocr_carea' id='block_1_2' title="bbox 475 576 2684 1493">
    <p class='ocr_par' dir='ltr' id='par_1_2' title="bbox 475 576 2684 881">
     <span class='ocr_line' id='line_1_2' title="bbox 590 576 2682 677; baseline -0.005 -16"><span class='ocrx_word' id='word_1_4' title='bbox 590 578 956 677; x_wconf 70' lang='lat' dir='ltr'><strong>holocausti,</strong></span> <span class='ocrx_word' id='word_1_5' title='bbox 1031 580 1381 655; x_wconf 74' lang='lat' dir='ltr'><strong>immolandi</strong></span> <span class='ocrx_word' id='word_1_6' title='bbox 1417 581 1618 667; x_wconf 85' lang='lat' dir='ltr'><strong>item,</strong></span> <span class='ocrx_word' id='word_1_7' title='bbox 1688 580 1988 677; x_wconf 78' lang='lat' dir='ltr'><strong>offerendi</strong></span> <span class='ocrx_word' id='word_1_8' title='bbox 2030 576 2225 649; x_wconf 81' lang='lat' dir='ltr'><strong>verba</strong></span> <span class='ocrx_word' id='word_1_9' title='bbox 2285 595 2682 650; x_wconf 77' lang='lat' dir='ltr'><strong>occurrunt:</strong></span> 
     </span>
     <span class='ocr_line' id='line_1_3' title="bbox 504 675 2684 784; baseline -0.003 -25"><span class='ocrx_word' id='word_1_10' title='bbox 504 753 509 758; x_wconf 86' lang='lat'>.</span> <span class='ocrx_word' id='word_1_11' title='bbox 588 683 771 784; x_wconf 77' lang='lat' dir='ltr'><strong>qu‘afi</strong></span> <span class='ocrx_word' id='word_1_12' title='bbox 810 685 932 754; x_wconf 81' lang='lat' dir='ltr'><strong>hac</strong></span> <span class='ocrx_word' id='word_1_13' title='bbox 977 680 1107 755; x_wconf 81' lang='lat' dir='ltr'><strong>sola</strong></span> <span class='ocrx_word' id='word_1_14' title='bbox 1144 679 1793 755; x_wconf 75' lang='lat' dir='ltr'><strong>commemoratione</strong></span> <span class='ocrx_word' id='word_1_15' title='bbox 1845 706 1950 754; x_wconf 75' lang='lat' dir='ltr'><strong>rea</strong></span> <span class='ocrx_word' id='word_1_16' title='bbox 1997 675 2296 752; x_wconf 69' lang='lat' dir='ltr'><strong>confesta</strong></span> <span class='ocrx_word' id='word_1_17' title='bbox 2331 677 2523 751; x_wconf 84' lang='lat' dir='ltr'><strong>esset:</strong></span> <span class='ocrx_word' id='word_1_18' title='bbox 2597 680 2684 752; x_wconf 81' lang='lat' dir='ltr'><strong>ad</strong></span> 
     </span>
     <span class='ocr_line' id='line_1_4' title="bbox 475 779 2683 881; baseline -0.004 -20"><span class='ocrx_word' id='word_1_19' title='bbox 475 857 480 867; x_wconf 83' lang='lat'><strong>,</strong></span> <span class='ocrx_word' id='word_1_20' title='bbox 583 789 797 860; x_wconf 84' lang='lat' dir='ltr'><strong>multa</strong></span> <span class='ocrx_word' id='word_1_21' title='bbox 842 783 1083 857; x_wconf 88' lang='lat' dir='ltr'><strong>deinde</strong></span> <span class='ocrx_word' id='word_1_22' title='bbox 1124 781 1565 881; x_wconf 83' lang='lat' dir='ltr'><strong>respondendi</strong></span> <span class='ocrx_word' id='word_1_23' title='bbox 1607 781 1942 856; x_wconf 80' lang='lat' dir='ltr'><strong>neceffitas</strong></span> <span class='ocrx_word' id='word_1_24' title='bbox 1988 802 2212 853; x_wconf 80' lang='lat' dir='ltr'><strong>exorta</strong></span> <span class='ocrx_word' id='word_1_25' title='bbox 2254 779 2439 865; x_wconf 74' lang='lat' dir='ltr'><strong>esset,</strong></span> <span class='ocrx_word' id='word_1_26' title='bbox 2507 806 2683 877; x_wconf 80' lang='lat' dir='ltr'><strong>quae</strong></span> 
     </span>
    </p>

    <p class='ocr_par' dir='ltr' id='par_1_3' title="bbox 532 881 2684 1493">
     <span class='ocr_line' id='line_1_5' title="bbox 532 881 2683 982; baseline -0.005 -20"><span class='ocrx_word' id='word_1_27' title='bbox 532 901 537 909; x_wconf 82' lang='grc'><em>“</em></span> <span class='ocrx_word' id='word_1_28' title='bbox 586 888 679 961; x_wconf 87' lang='lat' dir='ltr'><strong>est</strong></span> <span class='ocrx_word' id='word_1_29' title='bbox 710 886 934 960; x_wconf 83' lang='lat' dir='ltr'><strong>misera</strong></span> <span class='ocrx_word' id='word_1_30' title='bbox 964 904 1033 957; x_wconf 87' lang='lat' dir='ltr'><strong>et</strong></span> <span class='ocrx_word' id='word_1_31' title='bbox 1062 884 1258 956; x_wconf 82' lang='lat' dir='ltr'><strong>taedii</strong></span> <span class='ocrx_word' id='word_1_32' title='bbox 1293 885 1490 982; x_wconf 83' lang='lat' dir='ltr'><strong>plena</strong></span> <span class='ocrx_word' id='word_1_33' title='bbox 1520 888 1590 957; x_wconf 88' lang='lat' dir='ltr'><strong>in</strong></span> <span class='ocrx_word' id='word_1_34' title='bbox 1617 902 1755 957; x_wconf 80' lang='lat' dir='ltr'><strong>tam</strong></span> <span class='ocrx_word' id='word_1_35' title='bbox 1782 886 1949 957; x_wconf 83' lang='lat' dir='ltr'><strong>mala</strong></span> <span class='ocrx_word' id='word_1_36' title='bbox 1976 881 2203 956; x_wconf 74' lang='lat' dir='ltr'><strong>caussa.</strong></span> <span class='ocrx_word' id='word_1_37' title='bbox 2303 881 2429 954; x_wconf 87' lang='lat' dir='ltr'><strong>Sed</strong></span> <span class='ocrx_word' id='word_1_38' title='bbox 2457 883 2683 967; x_wconf 69' lang='lat' dir='ltr'><strong>nobiS,</strong></span> 
     </span>
     <span class='ocr_line' id='line_1_6' title="bbox 584 980 2684 1081; baseline -0.004 -17"><span class='ocrx_word' id='word_1_39' title='bbox 584 997 656 1066; x_wconf 87' lang='lat' dir='ltr'><strong>in</strong></span> <span class='ocrx_word' id='word_1_40' title='bbox 699 990 1145 1080; x_wconf 85' lang='lat' dir='ltr'><strong>disputatione</strong></span> <span class='ocrx_word' id='word_1_41' title='bbox 1184 983 1513 1071; x_wconf 83' lang='lat' dir='ltr'><strong>instituta,</strong></span> <span class='ocrx_word' id='word_1_42' title='bbox 1568 1011 1706 1061; x_wconf 90' lang='lat' dir='ltr'><strong>non</strong></span> <span class='ocrx_word' id='word_1_43' title='bbox 1755 1002 1888 1059; x_wconf 86' lang='lat' dir='ltr'><strong>tam</strong></span> <span class='ocrx_word' id='word_1_44' title='bbox 1931 984 2285 1058; x_wconf 84' lang='lat' dir='ltr'><strong>videndum</strong></span> <span class='ocrx_word' id='word_1_45' title='bbox 2331 980 2455 1065; x_wconf 85' lang='lat' dir='ltr'><strong>est,</strong></span> <span class='ocrx_word' id='word_1_46' title='bbox 2519 983 2684 1081; x_wconf 81' lang='lat' dir='ltr'><strong>quid</strong></span> 
     </span>
     <span class='ocr_line' id='line_1_7' title="bbox 583 1085 2683 1187; baseline -0.005 -21"><span class='ocrx_word' id='word_1_47' title='bbox 583 1118 728 1168; x_wconf 86' lang='lat' dir='ltr'><strong>non</strong></span> <span class='ocrx_word' id='word_1_48' title='bbox 760 1089 1020 1171; x_wconf 81' lang='lat' dir='ltr'>dixerit,</span> <span class='ocrx_word' id='word_1_49' title='bbox 1079 1114 1276 1187; x_wconf 83' lang='lat' dir='ltr'><strong>quam</strong></span> <span class='ocrx_word' id='word_1_50' title='bbox 1310 1086 1468 1186; x_wconf 87' lang='lat' dir='ltr'><strong>quid</strong></span> <span class='ocrx_word' id='word_1_51' title='bbox 1493 1086 1759 1176; x_wconf 65' lang='lat' dir='ltr'><strong>dixerit,</strong></span> <span class='ocrx_word' id='word_1_52' title='bbox 1818 1086 2022 1185; x_wconf 82' lang='lat' dir='ltr'><strong>idque</strong></span> <span class='ocrx_word' id='word_1_53' title='bbox 2048 1101 2351 1160; x_wconf 82' lang='lat' dir='ltr'><strong>accurate</strong></span> <span class='ocrx_word' id='word_1_54' title='bbox 2373 1085 2683 1158; x_wconf 82' lang='lat' dir='ltr'><strong>refellen-</strong></span> 
     </span>
     <span class='ocr_line' id='line_1_8' title="bbox 585 1189 2682 1288; baseline -0.002 -20"><span class='ocrx_word' id='word_1_55' title='bbox 585 1196 770 1268; x_wconf 83' lang='lat' dir='ltr'><strong>dum.</strong></span> <span class='ocrx_word' id='word_1_56' title='bbox 870 1195 944 1263; x_wconf 87' lang='lat' dir='ltr'><strong>ln</strong></span> <span class='ocrx_word' id='word_1_57' title='bbox 971 1216 1106 1288; x_wconf 87' lang='lat' dir='ltr'><strong>quo</strong></span> <span class='ocrx_word' id='word_1_58' title='bbox 1133 1189 1511 1262; x_wconf 77' lang='lat' dir='ltr'><strong>tenebimus</strong></span> <span class='ocrx_word' id='word_1_59' title='bbox 1540 1191 1714 1263; x_wconf 84' lang='lat' dir='ltr'><strong>hanc</strong></span> <span class='ocrx_word' id='word_1_60' title='bbox 1738 1191 2097 1278; x_wconf 83' lang='lat' dir='ltr'><strong>rationem,</strong></span> <span class='ocrx_word' id='word_1_61' title='bbox 2123 1191 2510 1285; x_wconf 62' lang='lat' dir='ltr'><strong>nrt-primum</strong></span> <span class='ocrx_word' id='word_1_62' title='bbox 2540 1191 2682 1263; x_wconf 85' lang='lat' dir='ltr'><strong>vni·</strong></span> 
     </span>
     <span class='ocr_line' id='line_1_9' title="bbox 583 1286 2677 1388; baseline -0.003 -19"><span class='ocrx_word' id='word_1_63' title='bbox 583 1295 806 1369; x_wconf 59' lang='lat' dir='ltr'><strong>versae</strong></span> <span class='ocrx_word' id='word_1_64' title='bbox 837 1291 1292 1388; x_wconf 76' lang='lat' dir='ltr'>disputationis</span> <span class='ocrx_word' id='word_1_65' title='bbox 1321 1294 1551 1363; x_wconf 81' lang='lat' dir='ltr'><strong>vitium</strong></span> <span class='ocrx_word' id='word_1_66' title='bbox 1580 1288 2134 1376; x_wconf 79' lang='lat' dir='ltr'><strong>demonstremus,</strong></span> <span class='ocrx_word' id='word_1_67' title='bbox 2181 1287 2419 1360; x_wconf 81' lang='lat' dir='ltr'><strong>deinde</strong></span> <span class='ocrx_word' id='word_1_68' title='bbox 2446 1286 2530 1360; x_wconf 88' lang='lat' dir='ltr'><strong>de</strong></span> <span class='ocrx_word' id='word_1_69' title='bbox 2557 1286 2677 1362; x_wconf 80' lang='lat' dir='ltr'><strong>fin-</strong></span> 
     </span>
     <span class='ocr_line' id='line_1_10' title="bbox 586 1392 2683 1493; baseline -0.001 -26"><span class='ocrx_word' id='word_1_70' title='bbox 586 1396 759 1493; x_wconf 78' lang='lat' dir='ltr'><strong>gulis</strong></span> <span class='ocrx_word' id='word_1_71' title='bbox 805 1393 1195 1493; x_wconf 82' lang='lat' dir='ltr'><strong>quibusdam</strong></span> <span class='ocrx_word' id='word_1_72' title='bbox 1240 1394 1345 1466; x_wconf 86' lang='lat' dir='ltr'><strong>vel</strong></span> <span class='ocrx_word' id='word_1_73' title='bbox 1383 1397 1833 1488; x_wconf 82' lang='lat' dir='ltr'><strong>Liturgiarum</strong></span> <span class='ocrx_word' id='word_1_74' title='bbox 1873 1394 2124 1478; x_wconf 73' lang='lat' dir='ltr'><strong>verbis,</strong></span> <span class='ocrx_word' id='word_1_75' title='bbox 2177 1392 2284 1465; x_wconf 80' lang='lat' dir='ltr'><strong>vel</strong></span> <span class='ocrx_word' id='word_1_76' title='bbox 2322 1395 2683 1466; x_wconf 72' lang='lat' dir='ltr'><strong>Muratorii</strong></span> 
     </span>
    </p>
   </div>
   <div class='ocr_carea' id='block_1_3' title="bbox 388 1489 1355 1612">
    <p class='ocr_par' dir='ltr' id='par_1_4' title="bbox 388 1489 1355 1612">
     <span class='ocr_line' id='line_1_11' title="bbox 388 1489 1355 1612; baseline -0.008 -38"><span class='ocrx_word' id='word_1_77' title='bbox 388 1489 398 1500; x_wconf 49' lang='lat'><strong><em>¹</em></strong></span> <span class='ocrx_word' id='word_1_78' title='bbox 526 1489 535 1494; x_wconf 42' lang='lat'><strong><em>¹</em></strong></span> <span class='ocrx_word' id='word_1_79' title='bbox 577 1494 778 1612; x_wconf 29' lang='lat' dir='ltr'><strong>&#39;distis</strong></span> <span class='ocrx_word' id='word_1_80' title='bbox 824 1494 1355 1593; x_wconf 78' lang='lat' dir='ltr'><strong>respondeamus.</strong></span> 
     </span>
    </p>
   </div>
   <div class='ocr_carea' id='block_1_4' title="bbox 508 1590 2708 4313">
    <p class='ocr_par' dir='ltr' id='par_1_5' title="bbox 508 1590 2708 4238">
     <span class='ocr_line' id='line_1_12' title="bbox 737 1590 2683 1693; baseline -0.002 -24"><span class='ocrx_word' id='word_1_81' title='bbox 737 1595 943 1683; x_wconf 83' lang='lat' dir='ltr'><strong>Quod</strong></span> <span class='ocrx_word' id='word_1_82' title='bbox 987 1601 1188 1690; x_wconf 84' lang='lat' dir='ltr'><strong>igitur</strong></span> <span class='ocrx_word' id='word_1_83' title='bbox 1227 1593 1307 1676; x_wconf 80' lang='lat' dir='ltr'><strong>ad</strong></span> <span class='ocrx_word' id='word_1_84' title='bbox 1345 1598 1640 1693; x_wconf 87' lang='lat' dir='ltr'><strong>primum</strong></span> <span class='ocrx_word' id='word_1_85' title='bbox 1690 1597 1966 1680; x_wconf 77' lang='lat' dir='ltr'><strong>attinet,</strong></span> <span class='ocrx_word' id='word_1_86' title='bbox 2031 1617 2264 1693; x_wconf 87' lang='lat' dir='ltr'><strong>parum</strong></span> <span class='ocrx_word' id='word_1_87' title='bbox 2315 1590 2683 1686; x_wconf 82' lang='lat' dir='ltr'><strong>‘diligenter</strong></span> 
     </span>
     <span class='ocr_line' id='line_1_13' title="bbox 578 1693 2696 1797; baseline -0.006 -22"><span class='ocrx_word' id='word_1_88' title='bbox 578 1693 745 1775; x_wconf 67' lang='lat' dir='ltr'><strong>fecit</strong></span> <span class='ocrx_word' id='word_1_89' title='bbox 760 1704 1166 1773; x_wconf 83' lang='lat' dir='ltr'><strong>Muratorius</strong></span> <span class='ocrx_word' id='word_1_90' title='bbox 1193 1701 1259 1770; x_wconf 91' lang='lat' dir='ltr'><strong>in</strong></span> <span class='ocrx_word' id='word_1_91' title='bbox 1279 1700 1499 1797; x_wconf 81' lang='lat' dir='ltr'><strong>capite</strong></span> <span class='ocrx_word' id='word_1_92' title='bbox 1524 1701 1721 1796; x_wconf 24' lang='lat' dir='ltr'><strong>corin</strong></span> <span class='ocrx_word' id='word_1_93' title='bbox 1755 1695 1937 1796; x_wconf 89' lang='lat' dir='ltr'><strong>quod</strong></span> <span class='ocrx_word' id='word_1_94' title='bbox 1970 1698 2320 1770; x_wconf 84' lang='lat' dir='ltr'><strong>latinarum</strong></span> <span class='ocrx_word' id='word_1_95' title='bbox 2352 1697 2696 1787; x_wconf 45' lang='lat' dir='ltr'><strong>Liturgiaae</strong></span> 
     </span>
     <span class='ocr_line' id='line_1_14' title="bbox 578 1796 2680 1897; baseline -0.005 -20"><span class='ocrx_word' id='word_1_96' title='bbox 578 1825 736 1877; x_wconf 83' lang='lat' dir='ltr'><strong>rum</strong></span> <span class='ocrx_word' id='word_1_97' title='bbox 770 1797 1146 1873; x_wconf 87' lang='lat' dir='ltr'><strong>testimonia</strong></span> <span class='ocrx_word' id='word_1_98' title='bbox 1174 1797 1525 1894; x_wconf 78' lang='lat' dir='ltr'><strong>congessit,</strong></span> <span class='ocrx_word' id='word_1_99' title='bbox 1585 1796 1768 1897; x_wconf 88' lang='lat' dir='ltr'><strong>quod</strong></span> <span class='ocrx_word' id='word_1_100' title='bbox 1800 1800 1966 1871; x_wconf 89' lang='lat' dir='ltr'>nihil</span> <span class='ocrx_word' id='word_1_101' title='bbox 2013 1797 2220 1888; x_wconf 86' lang='lat' dir='ltr'><strong>aliud,</strong></span> <span class='ocrx_word' id='word_1_102' title='bbox 2284 1822 2482 1896; x_wconf 82' lang='lat' dir='ltr'><strong>quam</strong></span> <span class='ocrx_word' id='word_1_103' title='bbox 2532 1797 2680 1868; x_wconf 87' lang='lat' dir='ltr'><strong>loca</strong></span> 
     </span>
     <span class='ocr_line' id='line_1_15' title="bbox 579 1896 2676 2004; baseline -0.002 -31"><span class='ocrx_word' id='word_1_104' title='bbox 579 1903 967 2004; x_wconf 82' lang='lat' dir='ltr'><strong>proposuit,</strong></span> <span class='ocrx_word' id='word_1_105' title='bbox 1016 1903 1086 1973; x_wconf 91' lang='lat' dir='ltr'><strong>in</strong></span> <span class='ocrx_word' id='word_1_106' title='bbox 1111 1899 1346 2001; x_wconf 84' lang='lat' dir='ltr'><strong>quibus</strong></span> <span class='ocrx_word' id='word_1_107' title='bbox 1381 1925 1497 1986; x_wconf 83' lang='lat' dir='ltr'><strong>ea,</strong></span> <span class='ocrx_word' id='word_1_108' title='bbox 1538 1926 1705 1999; x_wconf 87' lang='lat' dir='ltr'><strong>quae</strong></span> <span class='ocrx_word' id='word_1_109' title='bbox 1737 1918 1896 1974; x_wconf 84' lang='lat' dir='ltr'><strong>ante</strong></span> <span class='ocrx_word' id='word_1_110' title='bbox 1924 1899 2222 1980; x_wconf 69' lang='lat' dir='ltr'><strong>diximus,</strong></span> <span class='ocrx_word' id='word_1_111' title='bbox 2264 1896 2466 1972; x_wconf 79' lang='lat' dir='ltr'><strong>verba</strong></span> <span class='ocrx_word' id='word_1_112' title='bbox 2494 1919 2676 1969; x_wconf 87' lang='lat' dir='ltr'><strong>com·</strong></span> 
     </span>
     <span class='ocr_line' id='line_1_16' title="bbox 578 2000 2675 2101; baseline -0.003 -23"><span class='ocrx_word' id='word_1_113' title='bbox 578 2019 1064 2078; x_wconf 83' lang='lat' dir='ltr'><strong>memorantur.</strong></span> <span class='ocrx_word' id='word_1_114' title='bbox 1174 2006 1434 2088; x_wconf 76' lang='lat' dir='ltr'><strong>Quain</strong></span> <span class='ocrx_word' id='word_1_115' title='bbox 1476 2028 1549 2074; x_wconf 92' lang='lat' dir='ltr'><strong>re</strong></span> <span class='ocrx_word' id='word_1_116' title='bbox 1578 2003 1935 2101; x_wconf 88' lang='lat' dir='ltr'><strong>dupliciter</strong></span> <span class='ocrx_word' id='word_1_117' title='bbox 1963 2002 2285 2101; x_wconf 82' lang='lat' dir='ltr'><strong>peccauit.</strong></span> <span class='ocrx_word' id='word_1_118' title='bbox 2403 2000 2675 2071; x_wconf 85' lang='lat' dir='ltr'><strong>Etenim</strong></span> 
     </span>
     <span class='ocr_line' id='line_1_17' title="bbox 576 2097 2674 2196; baseline -0.005 -16"><span class='ocrx_word' id='word_1_119' title='bbox 576 2131 787 2180; x_wconf 86' lang='lat' dir='ltr'><strong>nemo</strong></span> <span class='ocrx_word' id='word_1_120' title='bbox 821 2102 1109 2189; x_wconf 77' lang='lat' dir='ltr'><strong>dubitat,</strong></span> <span class='ocrx_word' id='word_1_121' title='bbox 1183 2123 1300 2176; x_wconf 83' lang='lat' dir='ltr'><strong>aut</strong></span> <span class='ocrx_word' id='word_1_122' title='bbox 1350 2097 1581 2189; x_wconf 85' lang='lat' dir='ltr'><strong>nescit,</strong></span> <span class='ocrx_word' id='word_1_123' title='bbox 1648 2107 1717 2177; x_wconf 92' lang='lat' dir='ltr'><strong>in</strong></span> <span class='ocrx_word' id='word_1_124' title='bbox 1766 2106 2219 2196; x_wconf 80' lang='lat' dir='ltr'><strong>Liturgiarum</strong></span> <span class='ocrx_word' id='word_1_125' title='bbox 2275 2098 2674 2180; x_wconf 68' lang='lat' dir='ltr'><strong>carminibus</strong></span> 
     </span>
     <span class='ocr_line' id='line_1_18' title="bbox 576 2204 2671 2303; baseline -0.003 -24"><span class='ocrx_word' id='word_1_126' title='bbox 576 2204 692 2280; x_wconf 84' lang='lat' dir='ltr'><strong>ista</strong></span> <span class='ocrx_word' id='word_1_127' title='bbox 723 2205 925 2279; x_wconf 83' lang='lat' dir='ltr'><strong>verba</strong></span> <span class='ocrx_word' id='word_1_128' title='bbox 951 2205 1390 2303; x_wconf 84' lang='lat' dir='ltr'><strong>frequentari:</strong></span> <span class='ocrx_word' id='word_1_129' title='bbox 1454 2208 1561 2279; x_wconf 82' lang='lat' dir='ltr'><strong>illa</strong></span> <span class='ocrx_word' id='word_1_130' title='bbox 1603 2223 1826 2280; x_wconf 82' lang='lat' dir='ltr'><strong>autem</strong></span> <span class='ocrx_word' id='word_1_131' title='bbox 1870 2204 2007 2276; x_wconf 90' lang='lat' dir='ltr'><strong>duo</strong></span> <span class='ocrx_word' id='word_1_132' title='bbox 2051 2204 2471 2278; x_wconf 73' lang='lat' dir='ltr'><strong>dubitantur:</strong></span> <span class='ocrx_word' id='word_1_133' title='bbox 2536 2205 2671 2301; x_wconf 82' lang='lat' dir='ltr'><strong>pri·</strong></span> 
     </span>
     <span class='ocr_line' id='line_1_19' title="bbox 573 2303 2669 2407; baseline -0.002 -27"><span class='ocrx_word' id='word_1_134' title='bbox 573 2332 799 2398; x_wconf 87' lang='lat' dir='ltr'><strong>mum,</strong></span> <span class='ocrx_word' id='word_1_135' title='bbox 898 2334 982 2379; x_wconf 82' lang='lat' dir='ltr'><strong>an</strong></span> <span class='ocrx_word' id='word_1_136' title='bbox 1055 2330 1129 2378; x_wconf 83' lang='lat' dir='ltr'><strong>ea</strong></span> <span class='ocrx_word' id='word_1_137' title='bbox 1204 2308 1480 2407; x_wconf 87' lang='lat' dir='ltr'><strong>proprie</strong></span> <span class='ocrx_word' id='word_1_138' title='bbox 1552 2309 1660 2380; x_wconf 84' lang='lat' dir='ltr'><strong>vel</strong></span> <span class='ocrx_word' id='word_1_139' title='bbox 1732 2309 1995 2407; x_wconf 84' lang='lat' dir='ltr'><strong>tropice</strong></span> <span class='ocrx_word' id='word_1_140' title='bbox 2065 2303 2400 2391; x_wconf 86' lang='lat' dir='ltr'><strong>dicantur,</strong></span> <span class='ocrx_word' id='word_1_141' title='bbox 2499 2327 2669 2403; x_wconf 86' lang='lat' dir='ltr'><strong>quo-</strong></span> 
     </span>
     <span class='ocr_line' id='line_1_20' title="bbox 573 2401 2669 2496; baseline -0.002 -13"><span class='ocrx_word' id='word_1_142' title='bbox 573 2401 728 2483; x_wconf 78' lang='lat' dir='ltr'><strong>rum</strong></span> <span class='ocrx_word' id='word_1_143' title='bbox 762 2409 922 2482; x_wconf 88' lang='lat' dir='ltr'><strong>illud</strong></span> <span class='ocrx_word' id='word_1_144' title='bbox 952 2413 1252 2496; x_wconf 84' lang='lat' dir='ltr'><strong>Romani,</strong></span> <span class='ocrx_word' id='word_1_145' title='bbox 1297 2410 1432 2480; x_wconf 88' lang='lat' dir='ltr'><strong>hoe</strong></span> <span class='ocrx_word' id='word_1_146' title='bbox 1460 2434 1586 2481; x_wconf 85' lang='lat' dir='ltr'><strong>nos</strong></span> <span class='ocrx_word' id='word_1_147' title='bbox 1616 2410 2122 2482; x_wconf 83' lang='lat' dir='ltr'><strong>contendimus:</strong></span> <span class='ocrx_word' id='word_1_148' title='bbox 2178 2409 2415 2482; x_wconf 88' lang='lat' dir='ltr'><strong>deinde</strong></span> <span class='ocrx_word' id='word_1_149' title='bbox 2442 2425 2669 2480; x_wconf 85' lang='lat' dir='ltr'><strong>vtrum</strong></span> 
     </span>
     <span class='ocr_line' id='line_1_21' title="bbox 573 2509 2668 2611; baseline -0.004 -24"><span class='ocrx_word' id='word_1_150' title='bbox 573 2509 703 2587; x_wconf 77' lang='lat' dir='ltr'><strong>{int</strong></span> <span class='ocrx_word' id='word_1_151' title='bbox 732 2516 798 2583; x_wconf 90' lang='lat' dir='ltr'><strong>in</strong></span> <span class='ocrx_word' id='word_1_152' title='bbox 832 2531 1016 2610; x_wconf 84' lang='lat' dir='ltr'><strong>parte</strong></span> <span class='ocrx_word' id='word_1_153' title='bbox 1047 2537 1119 2582; x_wconf 86' lang='lat' dir='ltr'><strong>ea</strong></span> <span class='ocrx_word' id='word_1_154' title='bbox 1151 2514 1517 2606; x_wconf 83' lang='lat' dir='ltr'><strong>Liturgiae,</strong></span> <span class='ocrx_word' id='word_1_155' title='bbox 1562 2537 1730 2611; x_wconf 83' lang='lat' dir='ltr'><strong>quae</strong></span> <span class='ocrx_word' id='word_1_156' title='bbox 1757 2514 2028 2610; x_wconf 87' lang='lat' dir='ltr'><strong>proprie</strong></span> <span class='ocrx_word' id='word_1_157' title='bbox 2055 2537 2231 2599; x_wconf 84' lang='lat' dir='ltr'><strong>eam,</strong></span> <span class='ocrx_word' id='word_1_158' title='bbox 2281 2536 2478 2610; x_wconf 81' lang='lat' dir='ltr'><strong>quam</strong></span> <span class='ocrx_word' id='word_1_159' title='bbox 2507 2534 2668 2581; x_wconf 82' lang='lat' dir='ltr'><strong>con·</strong></span> 
     </span>
     <span class='ocr_line' id='line_1_22' title="bbox 574 2610 2668 2712; baseline -0.002 -26"><span class='ocrx_word' id='word_1_160' title='bbox 574 2615 1006 2686; x_wconf 79' lang='lat' dir='ltr'><strong>sectationem</strong></span> <span class='ocrx_word' id='word_1_161' title='bbox 1041 2611 1297 2698; x_wconf 87' lang='lat' dir='ltr'><strong>dicunt,</strong></span> <span class='ocrx_word' id='word_1_162' title='bbox 1345 2615 1679 2701; x_wconf 86' lang='lat' dir='ltr'><strong>continet,</strong></span> <span class='ocrx_word' id='word_1_163' title='bbox 1708 2639 1840 2712; x_wconf 81' lang='lat' dir='ltr'><strong>qua</strong></span> <span class='ocrx_word' id='word_1_164' title='bbox 1870 2610 2033 2686; x_wconf 70' lang='lat' dir='ltr'><strong>fasta</strong></span> <span class='ocrx_word' id='word_1_165' title='bbox 2064 2616 2264 2687; x_wconf 83' lang='lat' dir='ltr'><strong>multi</strong></span> <span class='ocrx_word' id='word_1_166' title='bbox 2289 2611 2668 2698; x_wconf 84' lang='lat' dir='ltr'><strong>credebant,</strong></span> 
     </span>
     <span class='ocr_line' id='line_1_23' title="bbox 572 2711 2667 2814; baseline 0 -29"><span class='ocrx_word' id='word_1_167' title='bbox 572 2716 883 2814; x_wconf 85' lang='lat' dir='ltr'><strong>praesens</strong></span> <span class='ocrx_word' id='word_1_168' title='bbox 925 2711 1053 2786; x_wconf 77' lang='lat' dir='ltr'><strong>effe</strong></span> <span class='ocrx_word' id='word_1_169' title='bbox 1091 2738 1319 2787; x_wconf 88' lang='lat' dir='ltr'><strong>verum</strong></span> <span class='ocrx_word' id='word_1_170' title='bbox 1364 2740 1612 2814; x_wconf 83' lang='lat' dir='ltr'><strong>corpus</strong></span> <span class='ocrx_word' id='word_1_171' title='bbox 1666 2731 1736 2788; x_wconf 88' lang='lat' dir='ltr'><strong>et</strong></span> <span class='ocrx_word' id='word_1_172' title='bbox 1787 2715 2177 2809; x_wconf 85' lang='lat' dir='ltr'><strong>sanguinem</strong></span> <span class='ocrx_word' id='word_1_173' title='bbox 2241 2741 2472 2787; x_wconf 85' lang='lat' dir='ltr'><strong>verum</strong></span> <span class='ocrx_word' id='word_1_174' title='bbox 2521 2713 2667 2785; x_wconf 80' lang='lat' dir='ltr'><strong>Iesu</strong></span> 
     </span>
     <span class='ocr_line' id='line_1_24' title="bbox 577 2814 2665 2916; baseline -0.001 -29"><span class='ocrx_word' id='word_1_175' title='bbox 577 2814 853 2898; x_wconf 83' lang='lat' dir='ltr'><strong>christi,</strong></span> <span class='ocrx_word' id='word_1_176' title='bbox 915 2843 996 2888; x_wconf 84' lang='lat' dir='ltr'><strong>an</strong></span> <span class='ocrx_word' id='word_1_177' title='bbox 1036 2822 1103 2888; x_wconf 89' lang='lat' dir='ltr'><strong>in</strong></span> <span class='ocrx_word' id='word_1_178' title='bbox 1136 2814 1489 2889; x_wconf 81' lang='lat' dir='ltr'><strong>oblationis</strong></span> <span class='ocrx_word' id='word_1_179' title='bbox 1522 2816 1848 2903; x_wconf 84' lang='lat' dir='ltr'><strong>formula,</strong></span> <span class='ocrx_word' id='word_1_180' title='bbox 1908 2842 2073 2916; x_wconf 82' lang='lat' dir='ltr'><strong>quae</strong></span> <span class='ocrx_word' id='word_1_181' title='bbox 2100 2819 2665 2890; x_wconf 82' lang='lat' dir='ltr'><strong>consecrationem</strong></span> 
     </span>
     <span class='ocr_line' id='line_1_25' title="bbox 569 2915 2663 3017; baseline -0.001 -29"><span class='ocrx_word' id='word_1_182' title='bbox 569 2915 915 3014; x_wconf 83' lang='lat' dir='ltr'><strong>praecedit</strong></span> <span class='ocrx_word' id='word_1_183' title='bbox 941 2921 1007 2988; x_wconf 90' lang='lat' dir='ltr'><strong>in</strong></span> <span class='ocrx_word' id='word_1_184' title='bbox 1042 2915 1270 2989; x_wconf 80' lang='lat' dir='ltr'><strong>Missae</strong></span> <span class='ocrx_word' id='word_1_185' title='bbox 1301 2924 1605 3003; x_wconf 76' lang='lat' dir='ltr'><strong>canone,</strong></span> <span class='ocrx_word' id='word_1_186' title='bbox 1657 2918 2248 3017; x_wconf 73' lang='lat' dir='ltr'><strong>pertinetquefine</strong></span> <span class='ocrx_word' id='word_1_187' title='bbox 2277 2936 2663 2995; x_wconf 85' lang='lat' dir='ltr'><strong>controuer-</strong></span> 
     </span>
     <span class='ocr_line' id='line_1_26' title="bbox 508 3015 2662 3115; baseline 0.001 -28"><span class='ocrx_word' id='word_1_188' title='bbox 508 3038 521 3044; x_wconf 78' lang='grc'><em>’</em></span> <span class='ocrx_word' id='word_1_189' title='bbox 569 3016 659 3095; x_wconf 79' lang='lat' dir='ltr'><strong>sia</strong></span> <span class='ocrx_word' id='word_1_190' title='bbox 687 3015 768 3089; x_wconf 86' lang='lat' dir='ltr'><strong>ad</strong></span> <span class='ocrx_word' id='word_1_191' title='bbox 798 3019 1092 3093; x_wconf 76' lang='lat' dir='ltr'><strong>naturale</strong></span> <span class='ocrx_word' id='word_1_192' title='bbox 1116 3023 1343 3090; x_wconf 81' lang='lat' dir='ltr'><strong>vinum</strong></span> <span class='ocrx_word' id='word_1_193' title='bbox 1370 3037 1440 3089; x_wconf 91' lang='lat' dir='ltr'><strong>et</strong></span> <span class='ocrx_word' id='word_1_194' title='bbox 1470 3044 1740 3115; x_wconf 87' lang='lat' dir='ltr'><strong>panem,</strong></span> <span class='ocrx_word' id='word_1_195' title='bbox 1806 3036 1874 3092; x_wconf 84' lang='lat' dir='ltr'><strong>et</strong></span> <span class='ocrx_word' id='word_1_196' title='bbox 1904 3024 2244 3114; x_wconf 50' lang='lat' dir='ltr'><strong>utriusque</strong></span> <span class='ocrx_word' id='word_1_197' title='bbox 2286 3020 2362 3093; x_wconf 83' lang='lat' dir='ltr'><strong>ad</strong></span> <span class='ocrx_word' id='word_1_198' title='bbox 2408 3020 2662 3092; x_wconf 82' lang='lat' dir='ltr'><strong>Eucha-</strong></span> 
     </span>
     <span class='ocr_line' id='line_1_27' title="bbox 569 3110 2668 3208; baseline 0 -16"><span class='ocrx_word' id='word_1_199' title='bbox 569 3116 864 3192; x_wconf 78' lang='lat' dir='ltr'><strong>‘risticum</strong></span> <span class='ocrx_word' id='word_1_200' title='bbox 897 3110 1142 3191; x_wconf 85' lang='lat' dir='ltr'><strong>sacrum</strong></span> <span class='ocrx_word' id='word_1_201' title='bbox 1177 3116 1702 3193; x_wconf 85' lang='lat' dir='ltr'><strong>destinationem.</strong></span> <span class='ocrx_word' id='word_1_202' title='bbox 1814 3128 2076 3196; x_wconf 89' lang='lat' dir='ltr'><strong>Etenim</strong></span> <span class='ocrx_word' id='word_1_203' title='bbox 2111 3123 2154 3196; x_wconf 81' lang='lat' dir='ltr'><strong>si</strong></span> <span class='ocrx_word' id='word_1_204' title='bbox 2182 3127 2317 3196; x_wconf 91' lang='lat' dir='ltr'><strong>hoc</strong></span> <span class='ocrx_word' id='word_1_205' title='bbox 2347 3121 2467 3208; x_wconf 84' lang='lat' dir='ltr'><strong>est,</strong></span> <span class='ocrx_word' id='word_1_206' title='bbox 2515 3145 2668 3193; x_wconf 86' lang='lat' dir='ltr'><strong>non</strong></span> 
     </span>
     <span class='ocr_line' id='line_1_28' title="bbox 530 3219 2658 3319; baseline -0 -26"><span class='ocrx_word' id='word_1_207' title='bbox 530 3222 533 3223; x_wconf 41' lang='lat'><em>⁷</em></span> <span class='ocrx_word' id='word_1_208' title='bbox 569 3219 778 3293; x_wconf 87' lang='lat' dir='ltr'><strong>modo</strong></span> <span class='ocrx_word' id='word_1_209' title='bbox 804 3222 969 3293; x_wconf 89' lang='lat' dir='ltr'><strong>nihil</strong></span> <span class='ocrx_word' id='word_1_210' title='bbox 1013 3221 1289 3319; x_wconf 89' lang='lat' dir='ltr'><strong>prosunt</strong></span> <span class='ocrx_word' id='word_1_211' title='bbox 1326 3219 1572 3294; x_wconf 82' lang='lat' dir='ltr'><strong>caussae</strong></span> <span class='ocrx_word' id='word_1_212' title='bbox 1602 3228 1963 3314; x_wconf 80' lang='lat' dir='ltr'><strong>Romanae,</strong></span> <span class='ocrx_word' id='word_1_213' title='bbox 2022 3229 2177 3319; x_wconf 84' lang='lat' dir='ltr'><strong>quia</strong></span> <span class='ocrx_word' id='word_1_214' title='bbox 2218 3230 2281 3297; x_wconf 90' lang='lat' dir='ltr'><strong>in</strong></span> <span class='ocrx_word' id='word_1_215' title='bbox 2326 3223 2437 3296; x_wconf 86' lang='lat' dir='ltr'><strong>ista</strong></span> <span class='ocrx_word' id='word_1_216' title='bbox 2477 3221 2658 3293; x_wconf 87' lang='lat' dir='ltr'><strong>obla·</strong></span> 
     </span>
     <span class='ocr_line' id='line_1_29' title="bbox 566 3312 2656 3421; baseline -0.001 -25"><span class='ocrx_word' id='word_1_217' title='bbox 566 3327 755 3396; x_wconf 83' lang='lat' dir='ltr'><strong>tione</strong></span> <span class='ocrx_word' id='word_1_218' title='bbox 786 3323 1087 3395; x_wconf 89' lang='lat' dir='ltr'><strong>nondum</strong></span> <span class='ocrx_word' id='word_1_219' title='bbox 1130 3312 1574 3421; x_wconf 80' lang='lat' dir='ltr'><strong>adest&#39;corpus</strong></span> <span class='ocrx_word' id='word_1_220' title='bbox 1606 3342 1673 3395; x_wconf 92' lang='lat' dir='ltr'><strong>et</strong></span> <span class='ocrx_word' id='word_1_221' title='bbox 1714 3325 1970 3419; x_wconf 82' lang='lat' dir='ltr'><strong>sanguis</strong></span> <span class='ocrx_word' id='word_1_222' title='bbox 2002 3324 2265 3412; x_wconf 81' lang='lat' dir='ltr'><strong>Christi,</strong></span> <span class='ocrx_word' id='word_1_223' title='bbox 2324 3330 2520 3397; x_wconf 86' lang='lat' dir='ltr'><strong>etiam</strong></span> <span class='ocrx_word' id='word_1_224' title='bbox 2575 3347 2656 3394; x_wconf 80' lang='lat' dir='ltr'><strong>ex</strong></span> 
     </span>
     <span class='ocr_line' id='line_1_30' title="bbox 564 3424 2708 3527; baseline -0.001 -29"><span class='ocrx_word' id='word_1_225' title='bbox 564 3427 865 3523; x_wconf 87' lang='lat' dir='ltr'><strong>ipsorum</strong></span> <span class='ocrx_word' id='word_1_226' title='bbox 893 3424 1247 3509; x_wconf 85' lang='lat' dir='ltr'><strong>sententia,</strong></span> <span class='ocrx_word' id='word_1_227' title='bbox 1311 3425 1418 3497; x_wconf 88' lang='lat' dir='ltr'><strong>sed</strong></span> <span class='ocrx_word' id='word_1_228' title='bbox 1449 3430 1643 3497; x_wconf 84' lang='lat' dir='ltr'><strong>etiam</strong></span> <span class='ocrx_word' id='word_1_229' title='bbox 1688 3426 1929 3500; x_wconf 90' lang='lat' dir='ltr'><strong>obsunt</strong></span> <span class='ocrx_word' id='word_1_230' title='bbox 1962 3427 2239 3501; x_wconf 80' lang='lat' dir='ltr'><strong>mirifice</strong></span> <span class='ocrx_word' id='word_1_231' title='bbox 2281 3444 2655 3527; x_wconf 85' lang='lat' dir='ltr'><strong>propterea,</strong></span> <span class='ocrx_word' id='word_1_232' title='bbox 2700 3448 2708 3465; x_wconf 86' lang='lat'><strong><em>¹</em></strong></span> 
     </span>
     <span class='ocr_line' id='line_1_31' title="bbox 566 3526 2656 3630; baseline -0.001 -32"><span class='ocrx_word' id='word_1_233' title='bbox 566 3526 752 3624; x_wconf 77' lang='lat' dir='ltr'><strong>quod</strong></span> <span class='ocrx_word' id='word_1_234' title='bbox 783 3526 938 3597; x_wconf 89' lang='lat' dir='ltr'><strong>inde</strong></span> <span class='ocrx_word' id='word_1_235' title='bbox 964 3529 1237 3621; x_wconf 82' lang='lat' dir='ltr'><strong>intelligi</strong></span> <span class='ocrx_word' id='word_1_236' title='bbox 1268 3530 1441 3598; x_wconf 84' lang='lat' dir='ltr'><strong>clare</strong></span> <span class='ocrx_word' id='word_1_237' title='bbox 1469 3526 1704 3625; x_wconf 86' lang='lat' dir='ltr'><strong>potest,</strong></span> <span class='ocrx_word' id='word_1_238' title='bbox 1735 3555 1808 3600; x_wconf 84' lang='lat' dir='ltr'><strong>ea</strong></span> <span class='ocrx_word' id='word_1_239' title='bbox 1839 3530 2033 3602; x_wconf 85' lang='lat' dir='ltr'><strong>verba</strong></span> <span class='ocrx_word' id='word_1_240' title='bbox 2061 3535 2320 3630; x_wconf 89' lang='lat' dir='ltr'><strong>tropice</strong></span> <span class='ocrx_word' id='word_1_241' title='bbox 2352 3527 2496 3610; x_wconf 89' lang='lat' dir='ltr'><strong>dici,</strong></span> <span class='ocrx_word' id='word_1_242' title='bbox 2527 3551 2656 3597; x_wconf 87' lang='lat' dir='ltr'><strong>nec</strong></span> 
     </span>
     <span class='ocr_line' id='line_1_32' title="bbox 566 3626 2651 3730; baseline 0.002 -34"><span class='ocrx_word' id='word_1_243' title='bbox 566 3626 649 3698; x_wconf 81' lang='lat' dir='ltr'><strong>ad</strong></span> <span class='ocrx_word' id='word_1_244' title='bbox 682 3653 925 3724; x_wconf 87' lang='lat' dir='ltr'><strong>corpus</strong></span> <span class='ocrx_word' id='word_1_245' title='bbox 969 3646 1038 3700; x_wconf 89' lang='lat' dir='ltr'><strong>et</strong></span> <span class='ocrx_word' id='word_1_246' title='bbox 1073 3629 1455 3721; x_wconf 85' lang='lat' dir='ltr'><strong>sanguinem</strong></span> <span class='ocrx_word' id='word_1_247' title='bbox 1494 3626 1725 3700; x_wconf 85' lang='lat' dir='ltr'><strong>Christi</strong></span> <span class='ocrx_word' id='word_1_248' title='bbox 1773 3636 2140 3728; x_wconf 82' lang='lat' dir='ltr'><strong>pertinere,</strong></span> <span class='ocrx_word' id='word_1_249' title='bbox 2196 3651 2398 3730; x_wconf 81' lang='lat' dir='ltr'><strong>atque</strong></span> <span class='ocrx_word' id='word_1_250' title='bbox 2443 3654 2651 3726; x_wconf 87' lang='lat' dir='ltr'><strong>porro</strong></span> 
     </span>
     <span class='ocr_line' id='line_1_33' title="bbox 551 3729 2654 3830; baseline 0.002 -31"><span class='ocrx_word' id='word_1_251' title='bbox 551 3731 827 3823; x_wconf 60' lang='lat' dir='ltr'><strong>gropioe</strong></span> <span class='ocrx_word' id='word_1_252' title='bbox 860 3737 1063 3827; x_wconf 81' lang='lat' dir='ltr'><strong>accipi</strong></span> <span class='ocrx_word' id='word_1_253' title='bbox 1102 3729 1312 3830; x_wconf 75' lang='lat' dir='ltr'><strong>posse,</strong></span> <span class='ocrx_word' id='word_1_254' title='bbox 1372 3737 1566 3801; x_wconf 80' lang='lat' dir='ltr'><strong>etiam</strong></span> <span class='ocrx_word' id='word_1_255' title='bbox 1604 3730 1712 3815; x_wconf 81' lang='lat' dir='ltr'><strong>vbi</strong></span> <span class='ocrx_word' id='word_1_256' title='bbox 1757 3738 1825 3803; x_wconf 91' lang='lat' dir='ltr'><strong>in</strong></span> <span class='ocrx_word' id='word_1_257' title='bbox 1856 3736 2347 3826; x_wconf 80' lang='lat' dir='ltr'><strong>consecratione</strong></span> <span class='ocrx_word' id='word_1_258' title='bbox 2378 3735 2654 3829; x_wconf 82' lang='lat' dir='ltr'><strong>propria</strong></span> 
     </span>
     <span class='ocr_line' id='line_1_34' title="bbox 562 3832 2654 3930; baseline 0.001 -30"><span class='ocrx_word' id='word_1_259' title='bbox 562 3846 931 3900; x_wconf 80' lang='lat' dir='ltr'><strong>occurrant.</strong></span> <span class='ocrx_word' id='word_1_260' title='bbox 1039 3836 1266 3930; x_wconf 85' lang='lat' dir='ltr'><strong>Itaque</strong></span> <span class='ocrx_word' id='word_1_261' title='bbox 1294 3832 1578 3905; x_wconf 84' lang='lat' dir='ltr'><strong>debebat</strong></span> <span class='ocrx_word' id='word_1_262' title='bbox 1618 3859 1834 3905; x_wconf 85' lang='lat' dir='ltr'><strong>nouus</strong></span> <span class='ocrx_word' id='word_1_263' title='bbox 1866 3837 1974 3906; x_wconf 89' lang='lat' dir='ltr'><strong>ille</strong></span> <span class='ocrx_word' id='word_1_264' title='bbox 2015 3833 2306 3906; x_wconf 85' lang='lat' dir='ltr'><strong>sacrificii</strong></span> <span class='ocrx_word' id='word_1_265' title='bbox 2342 3834 2654 3905; x_wconf 85' lang='lat' dir='ltr'><strong>Euchari-</strong></span> 
     </span>
     <span class='ocr_line' id='line_1_35' title="bbox 558 3928 2652 4031; baseline 0.002 -31"><span class='ocrx_word' id='word_1_266' title='bbox 558 3928 699 4001; x_wconf 86' lang='lat' dir='ltr'><strong>stici</strong></span> <span class='ocrx_word' id='word_1_267' title='bbox 742 3928 1012 4002; x_wconf 82' lang='lat' dir='ltr'><strong>assertor</strong></span> <span class='ocrx_word' id='word_1_268' title='bbox 1053 3934 1185 4004; x_wconf 88' lang='lat' dir='ltr'><strong>hoc</strong></span> <span class='ocrx_word' id='word_1_269' title='bbox 1224 3936 1290 4003; x_wconf 89' lang='lat' dir='ltr'><strong>in</strong></span> <span class='ocrx_word' id='word_1_270' title='bbox 1337 3938 1562 4031; x_wconf 85' lang='lat' dir='ltr'><strong>primis</strong></span> <span class='ocrx_word' id='word_1_271' title='bbox 1606 3933 1876 4018; x_wconf 83' lang='lat' dir='ltr'><strong>docere,</strong></span> <span class='ocrx_word' id='word_1_272' title='bbox 1949 3935 2142 4009; x_wconf 79' lang='lat' dir='ltr'><strong>verba</strong></span> <span class='ocrx_word' id='word_1_273' title='bbox 2182 3939 2286 4007; x_wconf 84' lang='lat' dir='ltr'><strong>illa</strong></span> <span class='ocrx_word' id='word_1_274' title='bbox 2327 3935 2408 4008; x_wconf 85' lang='lat' dir='ltr'><strong>ab</strong></span> <span class='ocrx_word' id='word_1_275' title='bbox 2466 3936 2652 4006; x_wconf 89' lang='lat' dir='ltr'><strong>omni</strong></span> 
     </span>
     <span class='ocr_line' id='line_1_36' title="bbox 558 4030 2646 4134; baseline 0.001 -31"><span class='ocrx_word' id='word_1_276' title='bbox 558 4050 765 4128; x_wconf 85' lang='lat' dir='ltr'><strong>tropo</strong></span> <span class='ocrx_word' id='word_1_277' title='bbox 800 4032 1000 4104; x_wconf 85' lang='lat' dir='ltr'><strong>libera</strong></span> <span class='ocrx_word' id='word_1_278' title='bbox 1029 4030 1168 4104; x_wconf 85' lang='lat' dir='ltr'><strong>esse.</strong></span> <span class='ocrx_word' id='word_1_279' title='bbox 1290 4037 1415 4106; x_wconf 89' lang='lat' dir='ltr'><strong>Sed</strong></span> <span class='ocrx_word' id='word_1_280' title='bbox 1462 4042 1916 4126; x_wconf 82' lang='lat' dir='ltr'><strong>grammaticas</strong></span> <span class='ocrx_word' id='word_1_281' title='bbox 1964 4038 2101 4119; x_wconf 82' lang='lat' dir='ltr'><strong>illas</strong></span> <span class='ocrx_word' id='word_1_282' title='bbox 2145 4037 2646 4134; x_wconf 74' lang='lat' dir='ltr'><strong>disputationeS,</strong></span> 
     </span>
     <span class='ocr_line' id='line_1_37' title="bbox 559 4136 2646 4238; baseline -0.001 -31"><span class='ocrx_word' id='word_1_283' title='bbox 559 4152 632 4207; x_wconf 73' lang='lat' dir='ltr'><strong>vt</strong></span> <span class='ocrx_word' id='word_1_284' title='bbox 675 4158 894 4236; x_wconf 30' lang='lat' dir='ltr'><strong>omne·</strong></span> <span class='ocrx_word' id='word_1_285' title='bbox 923 4138 1369 4238; x_wconf 77' lang='lat' dir='ltr'><strong>interpretum</strong></span> <span class='ocrx_word' id='word_1_286' title='bbox 1417 4141 1653 4230; x_wconf 76' lang='lat' dir='ltr'><strong>vulgus</strong></span> <span class='ocrx_word' id='word_1_287' title='bbox 1712 4137 1896 4228; x_wconf 81' lang='lat' dir='ltr'><strong>facit,</strong></span> <span class='ocrx_word' id='word_1_288' title='bbox 1990 4136 2352 4234; x_wconf 85' lang='lat' dir='ltr'><strong>diligenter</strong></span> <span class='ocrx_word' id='word_1_289' title='bbox 2395 4140 2646 4212; x_wconf 58' lang='lat' dir='ltr'><strong>vitauita</strong></span> 
     </span>
    </p>

    <p class='ocr_par' dir='ltr' id='par_1_6' title="bbox 1234 4244 2651 4313">
     <span class='ocr_line' id='line_1_38' title="bbox 1234 4244 2651 4313; baseline -0.004 1"><span class='ocrx_word' id='word_1_290' title='bbox 1234 4277 1249 4283; x_wconf 78' lang='lat'><em>-</em></span> <span class='ocrx_word' id='word_1_291' title='bbox 1699 4274 1702 4283; x_wconf 64' lang='grc'><strong><em>’</em></strong></span> <span class='ocrx_word' id='word_1_292' title='bbox 2474 4244 2651 4313; x_wconf 82' lang='lat' dir='ltr'><strong>Sunt</strong></span> 
     </span>
    </p>
   </div>
  </div>
 </body>
</html>
