2949 5023
568 358 712 434 390
822 403 825 404 f
1060 357 1176 408 nr,-
1264 325 1667 408 orrx'ex'o
1729 326 2171 404 'enarer-r

366 501 369 502 ᾗ
502 583 505 588 .
567 545 727 619 quas
776 516 1167 628 fcriberent,
1224 519 1426 592 etiam
1451 514 1744 591 Iudaicae
1789 517 2068 613 originis
2098 510 2442 590 Christiani
2481 538 2688 622 repe·

571 627 897 697 fitentur.-
1298 640 1310 656 ·

716 833 810 898 At
839 824 1098 896 Paullus
1125 824 1193 893 in
1230 819 1525 919 Epistola
1549 818 1644 892 ad*
1661 819 2009 897 Hebraeos
2037 819 2165 893 late
2194 816 2276 892 de
2306 817 2689 894 sacerdotio

542 955 547 962 ·
578 924 815 999 Christi
845 922 1109 996 disserit.
1207 921 1426 996 Reae.
1533 922 1660 994 Sed
1693 925 2017 1021 primum,
2084 924 2199 1018 qui
2228 922 2378 993 sunt
2406 918 2504 992 isti
2535 927 2684 994 He-

576 1026 802 1100 braei?
849 1032 1153 1123 Nempe,
1199 1041 1275 1096 vt
1303 1024 1552 1096 indicat
1581 1050 1688 1096 res
1716 1025 1882 1121 ipsa,
1925 1040 1995 1094 et
2026 1020 2551 1096 demonstratum
2583 1021 2687 1095 est

575 1133 848 1223 egregie
877 1127 956 1199 ab
990 1132 1143 1199 viris
1175 1123 1656 1209 eruditiffimis,
1714 1121 2066 1198 Christiani
2107 1123 2330 1216 genti?
2358 1122 2682 1207 Iudaicae,

550 1257 724 1303 enon
753 1245 929 1300 extra
955 1225 1372 1301 Palaestinam
1399 1247 1673 1318 agentes
1698 1244 1766 1297 et
1795 1222 2061 1299 immisti
2081 1229 2379 1310 Graecis»,
2415 1226 2526 1295 sed
2557 1229 2686 1323 qui

580 1336 652 1424 in
695 1326 1046 1402 Palaestina
1083 1333 1449 1426 vicinisque
1505 1328 1887 1421 regionibus
1929 1330 2271 1415 viuerent,
2340 1323 2685 1424 effentquc

581 1434 793 1525 magis
823 1450 1085 1504 tenaces
1114 1433 1308 1528 patrii
1336 1432 1561 1501 moris.
1673 1435 1800 1501 His
1832 1453 2039 1523 porro
2069 1455 2272 1527 quare
2300 1432 2389 1502 ita
2432 1425 2685 1520 scribat,

580 1552 658 1609 vt
696 1532 1118 1622 Sacerdotem
1160 1526 1489 1605 Christum
1537 1530 1736 1603 faciat
1779 1539 2045 1603 Aarone
2090 1532 2299 1625 longe
2340 1534 2684 1616 maiorem,

586 1638 929 1710 neminem
982 1641 1440 1731 Interpretum
1485 1631 1618 1704 vidi
1662 1659 2010 1730 quaerere,
2085 1650 2349 1731 praeter
2390 1637 2687 1705 Ioannem

586 1741 926 1813 d’Outr'ein
957 1740 1026 1808 in
1055 1737 1560 1808 Commentario
1595 1733 1675 1807 ad
1703 1736 1879 1808 hanc
1908 1731 2270 1832 epistolam.
2323 1735 2432 1816 [Is
2461 1753 2687 1808 autem

535 1881 549 1889 -
592 1856 788 1940 putat
814 1835 942 1909 esse
972 1838 1147 1909 hanc
1174 1833 1451 1908 cauffam
1472 1890 1491 1923 ,
1551 1838 1738 1934 quod
1771 1837 1851 1909 ad
1877 1834 2275 1920 Christianos
2301 1861 2343 1907 e
2369 1835 2688 1935 gentibus

592 1944 833 2013 ceteris
863 1938 1143 2012 scribere
1184 1939 1312 2010 tale
1340 1938 1499 2033 quid
1536 1963 1678 2013 non
1721 1933 2035 2036 potuiss'et
2076 1938 2463 2024 commode,
2530 1964 2691 2013 cum

584 2047 637 2116 ii
674 2039 878 2114 effent
915 2040 1158 2112 adsueti
1202 2038 1648 2112 sacerdotibus
1691 2037 2157 2127 Deastrorum,
2214 2038 2456 2136 quibus
2500 2041 2694 2113 Chri-

587 2140 722 2215 stus
754 2142 1052 2215 sa'cerdos
1080 2141 1297 2213 fimilis
1325 2166 1467 2214 non
1496 2139 1727 2213 fuiss‘et.
1831 2150 1995 2229 Quo
2027 2141 2190 2214 nihil
2221 2142 2526 2237 frigidius
2558 2139 2692 2215 dici

588 2259 879 2346 poterat.
932 2250 1336 2343 Comparare
1367 2241 1699 2314 Christum
1729 2267 1886 2317 cum
1918 2239 2045 2316 istis
2076 2241 2514 2317 sacerdotibus
2540 2268 2690 2318 non
2761 2321 2780 2336 Ι

504 2365 517 2392 ’
589 2361 894 2447 potet-au
946 2365 1013 2418 at
1044 2343 1455 2416 sacerdotem
1490 2340 1818 2419 Christum
1853 2349 1995 2418 veri
2023 2350 2153 2419 Dei
2176 2343 2383 2430 fuifl'e,
2432 2361 2503 2419 ct
2529 2370 2692 2420 eum

592 2448 798 2543 longe
814 2449 1129 2523 maiorem
1147 2449 1564 2534 Antonine-ie,
1582 2448 1748 2520 nihil
1777 2444 2185 2546 impediebat
2197 2445 2433 2522 dicere.
2465 2449 2691 2522 Enim·

593 2573 758 2623 vero
790 2549 916 2623 istis
950 2547 1329 2623 Christianis
1360 2573 1400 2619 e
1429 2548 1751 2623 Iudaismo
1781 2545 2093 2623 ortis-ista
2120 2550 2373 2636 scribit,
2422 2547 2693 2624 neeeffi-

590 2668 730 2726 tate
758 2676 1114 2752 permagna
1132 2667 1202 2724 et
1219 2653 1404 2745 graui
1435 2677 1667 2726 eorum
1698 2652 1999 2749 periculo
2027 2668 2277 2739 motus,
2292 2652 2476 2749 quod
2492 2652 2695 2727 multi

594 2779 676 2826 ex
703 2779 787 2825 eo
818 2780 1064 2841 genere
1095 2751 1461 2840 Christiani,
1502 2749 1727 2826 relisso
1760 2754 2148 2848 Euangelio,
2175 2751 2256 2826 ad
2283 2751 2693 2828 Iudaismum

592 2854 1048 2940 reuertissent,
1105 2857 1215 2927 alii
1241 2855 1558 2930 labarent.
1668 2851 2143 2929 Inconstantiae
2167 2872 2389 2928 autem
2419 2872 2491 2928 et
2523 2860 2698 2956 peri-

596 2956 730 3026 culi
765 2956 973 3029 caulsa
1006 2982 1145 3028 non
1193 2975 1327 3029 tam
1357 2972 1500 3029 erat
1540 2960 1612 3029 in
1638 2955 2139 3039 efflifflonibus,
2199 2983 2373 3055 quae
2413 2973 2693 3060 propter

591 3058 1035 3149 Euangelium
1054 3055 1262 3128 ess'ent
1285 3057 1732 3156 perferendae,
1749 3083 2150 3158 quamquam
2182 3061 2251 3130 in
2281 3058 2382 3131 his
2399 3085 2695 3159 quoque,

593 3183 796 3258 quam
838 3162 905 3228 in
935 3175 1161 3230 vetere
1186 3155 1668 3231 adsuefaffione
1710 3164 2088 3233 animorum
2131 3158 2216 3232 ad
2242 3159 2452 3233 Molis
2488 3161 2694 3234 admi·-

591 3263 956 3345 rationem,
1006 3261 1358 3356 oculqrum
1388 3275 1616 3333 autem
1644 3258 1725 3332 ad
1755 3287 2074 3361 pompam
2102 3260 2561 3335 sacrificiorum
2590 3277 2688 3333 at-

592 3388 733 3464 que
747 3359 1086 3436 Pontificis
1115 3364 1351 3434 summi
1386 3365 1729 3459 totiusque
1757 3361 2121 3450 sacerdotii,
2145 3366 2254 3434 cui
2283 3364 2448 3436 nihil
2478 3359 2692 3435 simile

591 3481 709 3537 eut
741 3491 888 3561 par,
951 3490 1173 3563 neque
1199 3466 1264 3535 in
1296 3462 1555 3537 Christo
1584 3464 1759 3564 ipse,
1829 3492 2053 3565 neque
2091 3470 2260 3540 inter
2288 3462 2695 3539 Christianos

589 3569 998 3758 3523?
1005 3564 2041 3744 ssssabssfa123233130332233?
2076 3592 2224 3740 Ἓξ,
2243 3563 2485 3742 imo
2503 3566 2696 3742 3ιῖἶὲ

924 3719 943 3753 ἳ
1679 3723 1697 3754 ²
2031 3723 2050 3754 ἲ
2429 3724 2457 3755 Ἲ

478 3795 507 3812 .
591 3767 815 3865 specie
859 3771 1243 3842 incurrente
1283 3774 1350 3841 in
1393 3771 1662 3852 oculos,
1729 3774 2046 3869 omnique
2090 3696 2342 3870 ρσῐιξρε
2386 3767 2694 3844 demae.

592 3871 824 3944 Huius
856 3870 1058 3960 igitur
1085 3870 1366 3967 periculi
1393 3870 1802 3971 depellendi,
1832 3875 2351 3971 animorumque
2376 3873 2696 3947 corrobo-

591 3969 954 4049 randorum
1005 3967 1279 4058 cauffa,'
1324 3989 1543 4047 totam
1582 3973 1765 4049 illam
1791 3973 2325 4079 disputationem
2385 3975 2693 4148 suscapit,

2478 4102 2523 4150 o
2579 4098 2694 4151 en·
