2949 5023
960 322 1299 373 mvltvm
1365 323 1454 380 nn
1509 315 1792 382 attto'
2251 324 2402 417 545
2483 305 2490 311 ’

148 485 520 563 'demiae
556 477 866 572 nostrae,
915 484 1080 557 laeta
1111 501 1183 558 et
1213 477 1527 577 frugifera
1557 478 1651 567 sit,
1703 433 1853 557 cum
1887 483 2039 574 hoc,
2079 496 2213 561 tam
2241 512 2396 586 pro·

156 594 331 665 lixe
367 584 718 661 fauente
762 586 863 657 his
909 582 1129 659 studiis
1174 603 1373 685 atque
1416 585 1617 658 rebus
1658 584 1914 678 nostriS,
1964 591 2273 688 Principe
2295 593 2395 663 iu·

169 707 580 792 ter-prete
635 703 713 759 et
755 689 938 760 velut
965 684 1245 787 auspice,
1287 683 1581 787 pei-festa
1608 684 1699 760 iit.
1903 679 1910 690 ’
2051 735 2058 740 κ

373 789 545 863 Sed
586 788 757 863 sunt
782 790 899 861 alia
935 790 1140 888 plura,
1171 786 1348 860 bene
1376 788 1459 861 de
1485 813 1648 887 pace
1675 815 1850 866 noua
1874 792 1912 866 s
1948 791 2173 868 eraudi
2201 817 2392 889 argu·

62 923 71 926 ·
177 909 484 968 menta
525 907 623 964 et
654 893 955 989 pignora,
997 888 1445 963 misericordia
1472 895 1771 991 inprimis
1801 910 1872 966 et
1988 898 2277 992 nignitas
2321 901 2402 968 i'n·

179 997 341 1071 has
376 1014 650 1068 terras
680 991 920 1076 diuina,
951 1021 1005 1063 ‘a
1035 993 1259 1065 multis
1294 991 1524 1064 seculis
1555 1000 1845 1087 cognita,
1895 1023 2064 1095 quae
2097 999 2162 1072 se
2186 1003 2389 1071 etiam

196 1100 429 1172 inter
447 1095 618 1195 ipsa
649 1112 831 1167 tauta
844 1094 1005 1167 belli
1034 1095 1203 1167 mala
1219 1093 1396 1165 haud
1424 1093 1641 1167 dubiis
1659 1094 1854 1169 rebus
1880 1096 2184 1187 ostendit,
2201 1096 2389 1172 vber-

192 1217 374 1273 tate
405 1221 771 1293 agrorum
803 1198 1136 1278 continua,
1184 1209 1249 1269 et
1280 1196 1417 1267 aliis
1449 1198 1660 1295 copiis
1689 1198 2053 1292 largiendis,
2086 1224 2207 1298 per
2223 1225 2390 1299 quas

201 1301 453 1401 supra
488 1296 721 1370 fidem
752 1312 824 1368 et
850 1297 1029 1396 spem
1061 1292 1473 1369 sustinuimus
1504 1321 1708 1369 onera
1739 1298 1918 1388 belli,
1971 1300 2159 1375 Vrbis
2187 1299 2388 1401 ipfius
2509 1341 2520 1362 x

214 1408 451 1476 inter
484 1414 722 1473 tantas
753 1414 859 1471 tot
885 1396 1334 1498 periculorum
1365 1399 1596 1481 minas,
1625 1414 1694 1470 et
1727 1403 2121 1477 Academiae
2151 1407 2219 1476 in
2252 1430 2388 1478 ma·

218 1508 413 1599 gnis
432 1525 691 1575 rerum
707 1497 1033 1592 augustiis,
1048 1499 1524 1572 incolumitate.
1574 1503 1660 1571 Et
1690 1499 1847 1574 sicut
1861 1506 2212 1602 tranquilla
2227 1503 2393 1578 sere·

232 1608 447 1678 nitas
483 1600 670 1673 coeli
701 1605 742 1670 ‘a
760 1596 1122 1699 praegrefl‘a
1151 1596 1554 1699 tempestate,
1584 1605 1690 1686 ita,
1711 1628 1880 1703 quae
1907 1604 2276 1700 benignitas
2295 1605 2391 1680 di·
2466 1639 2475 1658 ·

112 1739 157 1763 s
234 1709 428 1778 vina
468 1704 547 1774 su
604 1700 924 1799 peditabit
953 1700 1146 1787 bona,
1191 1727 1336 1775 eam
1368 1702 1696 1776 suauitatis
1726 1706 2388 1782 commendationem

252 1803 352 1878 ab
368 1803 527 1904 ipsa
546 1728 956 1900 Elperiomm
975 1803 1303 1877 malorum
1331 1804 1690 1877 acerbitate
1717 1809 2385 1905 accipient‚vteanos

254 1907 348 1981 ed
365 1909 717 1979 veriorem
732 1921 802 1977 et
828 1907 1146 1978 acriorem
1164 1905 1498 1979 bonorum
1517 1906 1896 1980 diuinorum
1915 1908 2169 1982 sensum
2186 1907 2387 1980 acuis-

259 2009 341 2082 se
361 2007 704 2080 videatur.
758 2007 983 2080 Multa
1016 2006 1162 2078 sane
1180 2006 1328 2080 suut
1354 2005 1558 2079 abelli
1588 2011 1750 2078 tanti
1775 2025 1983 2104 motu,
2014 2026 2085 2082 et
2099 2006 2388 2082 iaEtatio·

261 2137 370 2184 ne
412 2104 805 2183 labefaElata
830 2125 899 2180 et
930 2109 1261 2194 conuulsa,
1315 2111 1528 2183 multa
1568 2109 1751 2180 velut
1777 2110 1976 2204 longa
2006 2110 2388 2184 valetudine

271 2208 629 2284 debilitata
657 2227 727 2280 et
753 2234 958 2303 aegra,
976 2212 1184 2286 multa
1212 2209 1502 2308 denique
1531 2206 1795 2302 iassuris
1822 2227 1929 2284 tot
1949 2238 2025 2284 ac
2052 2216 2248 2284 tantis
2264 2213 2389 2283 mi-

269 2330 450 2389 nuta
485 2328 559 2385 et
584 2310 815 2383 accisa:
862 2309 970 2382 sed
1003 2335 1078 2384 ea
1105 2310 1365 2384 fouebit
1393 2311 1743 2408 tranquilla
1773 2312 2140 2385 moderatio
2183 2314 2391 2408 patris

275 2417 563 2517 patriae,
607 2414 674 2484 in
704 2438 830 2509 qua
859 2410 951 2483 est
978 2411 1357 2486 fomentum
1388 2414 1695 2485 omnium
1730 2415 2058 2486 malorum
2085 2412 2395 2510 publico·

277 2544 448 2591 rum
479 2536 553 2588 vt
593 2518 872 2586 maxime
901 2513 1201 2599 amabile,
1247 2521 1341 2588 ita
1386 2513 1938 2614 potentiffimum,
1980 2531 2055 2587 vt
2079 2514 2393 2587 conuale·
2531 2595 2539 2603 .

284 2615 481 2691 scant
512 2615 878 2716 paullatim,
896 2613 1307 2689 roborentur
1330 2617 1411 2687 ad
1439 2614 1770 2716 pristinam
1794 2614 2190 2698 firmitatem,
2207 2628 2276 2685 et
2288 2634 2398 2683 res

286 2717 557 2797 nostrae
588 2718 880 2811 benigne
915 2716 1274 2790 nutriendo
1307 2718 1490 2789 velut
1517 2743 1550 2789 a
1578 2714 1886 2815 stirpibus
1919 2714 2287 2788 adolescant
2316 2707 2400 2782 ad

291 2816 538 2891 laetam
565 2818 970 2911 vbertatem3
997 2814 1044 2889 {i
1074 2818 1278 2891 modo
1306 2815 1425 2917 ipsi
1453 2821 1621 2890 intra
1653 2820 1953 2889 animum
1985 2815 2238 2888 mederi
2266 2836 2410 2883 ma-

292 2919 375 2993 Iis
424 2920 722 3004 occultis,
769 2934 841 2991 et
869 2922 1141 2992 vulnera
1180 2916 1397 2993 nostra
1422 2918 1743 3017 praebere
1775 2918 2074 2991 curanda
2097 2917 2409 2994 velimus,

296 3042 427 3094 nec
450 3044 574 3118 per
602 3023 755 3093 vitia
780 3019 996 3091 nostra
1011 3019 1498 3119 et·cupiditates
1527 3020 1962 3093 aduersemur
1979 3016 2416 3091 medentium

296 3140 495 3195 curae
539 3138 610 3193 et
648 3119 969 3217 manibus,
1021 3128 1245 3208 Quare
1276 3117 1689 3220 ,capessamus
1721 3122 1913 3217 spem
1945 3119 2030 3192 ad
2066 3111 2421 3220 pellendas

301 3245 489 3296 curas
518 3238 586 3295 et
615 3218 939 3295 tristitiam
966 3224 1242 3298 alienam
1272 3222 1353 3296 ab
1382 3226 1578 3295 huius
1607 3225 1950 3319 temporis
1965 3221 2427 3316 gratulatione

299 3337 496 3409 tanta,
544 3326 980 3423 inprimisque
1009 3328 1306 3398 animum
1335 3324 1622 3418 dignum
1651 3338 1857 3396 tanto
1893 3316 2237 3395 beneficio
2269 3308 2437 3389 12⁶⁸!-

166 3441 183 3459 ’
304 3420 621 3498 beneficio
652 3427 992 3525 Principia,
1036 3450 1329 3525 eumque
1352 3444 1690 3526 perpetuo
1728 3425 2254 3497 consen-nemus.
2331 3508 2348 3524 .

445 3534 667 3626 Atque
698 3528 897 3599 huius
928 3528 1073 3600 talis
1104 3530 1303 3601 animi
1330 3532 1627 3627 primum
1659 3525 2206 3605 documentum,
2232 3519 2461 3621 agstf·

315 3622 547 3714 demus,
588 3627 909 3702 adeundis
953 3637 1108 3702 caste
1139 3630 1353 3716 sacris,
1398 3651 1572 3725 quae
1603 3630 1674 3696 in
1707 3622 1910 3694 diem
1945 3628 2188 3697 Lunae
2213 3627 2471 3719 pron:

318 3749 487 3798 mum
511 3723 749 3800 iudista
780 3728 944 3816 suut,
974 3736 1332 3829 gratiisque
1360 3733 1537 3812 Deo,
1581 3723 1817 3794 salutis
1852 3719 2138 3795 nostrae
2164 3707 2484 3817 aussorffs

322 3830 492 3899 enixo
508 3824 717 3898 studio
744 3825 928 3913 aitis,
955 3855 1222 3903 oremus
1241 3837 1508 3902 Patrem
1527 3824 1823 3896 Domini
1852 3821 2090 3895 nostri
2103 3820 2254 3893 Iesu
2273 3806 2497 3880 chn-

325 3925 413 4014 sti,
435 3943 496 3999 vt
511 3930 799 4025 primum
816 3926 1164 4026 Augustum
1177 3935 1457 4025 Regem,
1474 3927 1728 3998 Patriae
1741 3927 2053 3996 Patrem
2073 3917 2510 4015 optimum.

330 4027 401 4104 ad
424 4025 572 4111 suos,
601 4025 682 4097 ad
712 4052 841 4098 nos
868 4028 1233 4122 reduaum,
1258 4032 1660 4108 Fridericum
1687 4023 1971 4098 deinde
2008 4014 2524 4112 Christianum,

415 4128 655 4229 Ernesti
693 4129 919 4230 Opust.
953 4132 1160 4211 mol,
1294 4178 1305 4189 ,
1611 4129 1797 4226 Μυκη
2171 4132 2182 4137 “
2251 4105 2535 4184 filium
