2949 5023
736 385 1824 460 1Μνικκιϊφριιινει
2147 385 2392 467 ,27

424 543 494 620 'A
545 546 639 621 ud
698 550 1000 626 Graecos
1053 546 1443 648 scriptores,
1505 548 1884 651 praesertim
1933 552 2392 645 elegantiores,

278 571 650 747 malfam*
674 653 761 720 ita
789 652 915 720 late
944 653 1256 748 varieque
1284 650 1567 739 dicitur,
1630 669 1703 725 vt
1744 653 2076 724 interdum
2123 655 2387 729 difficile

279 754 498 826 fuerit
524 750 1041 849 interpretibu3‚
1105 779 1325 825 veram
1351 756 1527 838 eius,
1589 778 1864 850 quoque
1889 755 2070 840 loco,
2132 757 2388 829 senten-

278 859 453 927 tiam
483 854 767 950 adsequi.
881 849 1142 925 Austor
1166 853 1671 927 consuetudinis
1719 860 1858 928 eius
1898 859 2206 954 inprimis
2253 859 2390 947 fuit,

279 973 357 1031 vt
387 957 671 1053 opinor,
722 955 1132 1054 Thucydides,
1183 956 1329 1054 qui,
1379 981 1533 1027 cum
1566 957 1772 1028 multa
1799 982 1979 1028 noue
2008 958 2395 1053 insolenter·

280 1084 425 1159 que
452 1057 648 1142 dixit,
690 1071 844 1128 tum
871 1060 1076 1127 etiam
1106 1052 1484 1155 μεταβολὴ
1510 1060 1844 1159 vsurpauit
1875 1058 2097 1143 durius
2116 1116 2131 1145 ,
2190 1057 2394 1133 modo

283 1157 658 1233 extendens
700 1156 783 1228 ad
825 1182 1075 1251 genera
1128 1159 1260 1232 late
1306 1159 1633 1259 patentia,
1685 1220 1694 1229 ‚
1738 1159 1943 1233 modo
2002 1158 2085 1232 ad
2139 1160 2433 1234 formas-

285 1286 521 1337 rerum
562 1257 852 1352 lingulas
889 1275 958 1332 et
985 1258 1289 1353 angustas
1327 1263 1752 1334 contrahens.
1797 1338 1804 1351 ,
1869 1259 1993 1332 Sed
2033 1288 2191 1334 cum
2233 1267 2398 1336 Tmu-

284 1369 521 1464 eydidis
560 1376 742 1433 tanta
769 1356 931 1433 esset
969 1359 1347 1449 admiratiO,
1382 1379 1481 1433 ’γι
1507 1366 1587 1433 in
1634 1368 1778 1436 eius
1831 1360 2146 1435 lestione·
2169 1362 2398 1437 affidui

272 1462 523 1548 essent,
551 1467 669 1560 qui
695 1477 812 1539 aut
840 1463 1254 1536 orationibus
1285 1463 1608 1536 habendis
1637 1483 1752 1537 aut
1781 1462 2039 1536 historia
2059 1455 2397 1538 scribenda

272 1563 568 1641 {audem
593 1589 912 1660 quaerere
941 1566 1223 1648 vellent,
1291 1570 1495 1663 atque
1521 1569 1722 1637 ctiam
1754 1565 2098 1638 sententiis
2117 1571 2268 1640 eius
2322 1582 2396 1639 et

291 1664 525 1742 verbis
554 1661 1079 1763 exquisitioribus
1126 1692 1361 1739 omnes
1400 1665 1689 1741 studiose
1730 1666 2206 1759 distinguerent
2253 1695 2395 1748 ora·

297 1770 605 1852 tionem,
663 1763 908 1840 fastum
957 1763 1085 1854 est,
1150 1786 1224 1840 vt
1268 1795 1421 1841 cum
1467 1772 1609 1843 aliis
1644 1773 1840 1843 etiam
1879 1765 2234 1867 μεταβολὴ
2279 1771 2398 1843 tali

293 1871 566 1947 ratione
592 1867 1125 1964 frequentaretur
1150 1869 1231 1941 ab
1261 1872 1638 1948 oratoribus
1686 1895 1753 1944 et
1781 1870 2134 1954 historicis,
2198 1890 2399 1969 atque

295 1970 454 2045 inde
479 1967 838 2044 lestoribus
869 1974 1010 2044 non
1040 1998 1242 2071 parua
1284 1973 1622 2047 interdum
1649 1971 2045 2068 ambiguitas
2081 1972 2398 2044 obiicere·

292 2091 425 2148 tur.
543 2070 893 2171 Quicquid
918 2070 1010 2144 est
1036 2100 1264 2147 rerum
1296 2074 1739 2147 humanarum
1770 2079 1835 2147 in
1869 2093 2219 2174 vtramque
2251 2099 2397 2172 par.-

293 2194 471 2265 tem,
512 2174 793 2249 fortuna
822 2190 1151 2272 vtraque,
1198 2180 1480 2274 eiusque
1506 2176 1765 2249 formae
1794 2195 1864 2249 et
1896 2196 2112 2272 partes
2145 2201 2404 2264 omnes,

297 2278 607 2362 diuitiae,
659 2277 986 2360 honores,
1032 2278 1434 2351 calamitates
1464 2277 1661 2364 belli,
1718 2274 2058 2363 vistoriae,
2107 2278 2403 2366 morbus,

280 2392 691 2477 recuperata
725 2374 1074 2463 valetudo,
1143 2400 1330 2453 mors
1386 2382 1557 2480 ipsa,
1632 2395 1808 2466 tum,
1876 2380 1944 2448 in
1997 2378 2192 2451 rebus
2234 2384 2408 2450 vitae

278 2476 733 2581 expertibus,
789 2478 986 2562 nihil,
1056 2481 1243 2578 quod
1272 2480 1627 2580 aliquando
1655 2499 1885 2555 ortum
1913 2477 2023 2565 fit,
2076 2479 2259 2577 quod
2289 2481 2407 2550 ini·

301 2585 480 2656 tium
500 2582 820 2667 habuerit,
855 2579 1039 2678 quod
1068 2581 1146 2653 ab
1174 2585 1387 2679 aliqua
1402 2608 1795 2681 quacunque
1809 2578 2174 2674 antegressa
2194 2576 2408 2651 caussa

304 2683 929 2782 quomodocunque
952 2682 1322 2769 accesserit,
1387 2684 1575 2781 quod
1603 2711 1742 2756 non
1783 2677 2175 2780 μεταβολῆς
2202 2679 2407 2754 verbo
2501 2717 2504 2722 ·

303 2789 715 2887 exprimatur
741 2809 778 2853 a
814 2785 1187 2884 Thucydide,
1253 2785 1430 2877 (vid.
1460 2791 1542 2868 Π,
1584 2802 1701 2872 43.
1738 2810 1849 2876 53.
1904 2789 2045 2871 Vll,
2093 2790 2204 2870 76.
2251 2791 2409 2872 87.)

303 2905 380 2960 et
405 2890 549 2959 eius
577 2884 966 2983 sequacibus
1000 2888 1301 2984 Polybio,
1342 2888 1651 2988 Dionysio
1679 2888 1882 2958 Halic.
1909 2886 2172 2983 Iojbpbo
2205 2886 2408 2981 inpri-

286 2990 479 3072 mis,
516 3002 593 3058 vt
620 2996 776 3060 Ant„
806 2991 1066 3075 v1;14.
1098 3011 1159 3058 2.
1215 2989 1353 3070 v11,
1383 3012 1448 3080 9.
1485 3012 1547 3057 2.
1590 2991 1667 3078 ῃ,
1703 3012 1762 3075 3.
1806 2991 2203 3074 x111,14·.2.
2262 2943 2571 3071 xv,<...1„‚'
2667 2969 2670 2980 “

318 3115 387 3181 3.
416 3114 485 3180 4.
512 3101 633 3158 cet.
776 3092 974 3160 Haec
995 3089 1166 3161 ratio
1194 3089 1286 3160 ita
1312 3086 1501 3159 fluxit
1526 3106 1597 3161 et
1626 3102 1990 3187 propagata
2019 3084 2142 3177 est,
2192 3103 2263 3158 vt
2315 3085 2414 3172 fit,

300 3208 389 3272 ,vt
430 3192 627 3262 etiam
682 3192 754 3261 in
797 3214 1235 3262 communem
1273 3189 1657 3264 sermonem
1702 3195 1993 3275 venerit,
2070 3212 2414 3285 nemoque

309 3291 666 3377 dubitarit,
725 3292 802 3362 iis
830 3290 1147 3390 loquendi
1175 3292 1389 3366 modis
1420 3295 1546 3376 vti,
1591 3316 1735 3364 non
1765 3290 1973 3365 modo
2003 3288 2181 3386 apud
2213 3290 2419 3388 Grae·

306 3421 469 3481 cos,
500 3392 611 3464 sed
652 3390 910 3464 etiam'a
962 3393 1051 3465 ud
1079 3396 1373 3465 Latinos.
1429 3396 1623 3464 Haec
1653 3390 2023 3465 obseruatio
2050 3392 2420 3487 plurimum

310 3495 655 3597 profuerit
676 3419 978 3567 studiosis
1001 3495 1085 3566 ad
1115 3494 1289 3568 bene
1317 3491 1789 3587 intelligendos
1820 3508 2109 3574 veteres,
2143 3491 2281 3561 hoc
2308 3488 2421 3581 est,

311 3599 612 3699 primum
647 3595 728 3667 ad
753 3594 1244 3690 indagandum,
1298 3593 1539 3667 deinde
1581 3593 1661 3667 ad
1705 3592 2150 3666 definiendum
2183 3594 2425 3693 perspi·

316 3726 439 3784 cua
486 3723 566 3770 ac
607 3712 787 3769 certa
833 3701 1129 3782 ratione,
1205 3696 1366 3797 quid
1414 3709 1688 3796 quoque
1727 3696 1886 3769 loco
1929 3697 1998 3767 in
2039 3691 2425 3791 μεταβολῆς

296 3805 602 3875 nominc
635 3798 919 3893 intelligi
951 3798 1208 3873 debeat.
1313 3791 1625 3886 Etenim,
1674 3814 1748 3871 vt
1782 3797 1957 3895 apud
1990 3801 2342 3873 Ciceronem
2369 3801 2425 3869 is

294 3902 602 3975 -demum
652 3926 807 3973 vere
849 3903 1169 3997 intelligit
1208 3902 1571 3996 reipublicae
1612 3900 1921 3988 verbum,
1994 3902 2108 3998 qui
2157 3903 2226 3969 in
2270 3898 2429 3988 loco

321 4030 605 4106 quoque
635 4005 832 4102 Plane
870 4021 1060 4077 tenet
1106 4028 1185 4074 ae
1216 3999 1433 4074 dicere
1474 3999 1722 4101 potest,
1791 4021 2014 4075 vtrum
2059 4006 2126 4072 in
2161 4026 2245 4072 eo
2291 4001 2434 4071 vni·

325 4106 594 4183 versum
623 4108 986 4209 imperium
1016 4106 1123 4187 vel
1149 4106 1411 4196 ciuitas,
1473 4130 1559 4178 an
1587 4130 1743 4209 pars
1789 4106 1934 4189 eius
1972 4103 2219 4201 aliqua,
2260 4124 2432 4216 aern-

806 4229 809 4234 ·
2235 4225 2434 4298 num,
