2949 5023
655 425 749 477 1!
817 393 1265 479 maminoti}
1327 430 1957 483 cous'noevnmA
2199 431 2385 507 ’3917

246 586 406 670 insit
448 592 517 662 in
547 584 836 688 quadam
877 606 950 664 et
986 590 1460 691 tranquillitate
1491 607 1562 666 et
1606 591 2083 677 oblessatio'ne,
2124 593 2360 693 qualis
2488 677 2493 686 ⁸

239 689 394 767 *esse
414 695 483 763 in
514 694 838 764 memoria
866 709 938 767 et
970 697 1378 786 cogitatione
1404 719 1623 766 rerum
1654 696 1981 768 bonarum
2006 695 2200 780 solet,
2245 693 2359 770 sed

249 795 755 992 312221323552
770 812 975 985 232⁰:
1005 797 2361 1012 3¹:15³„22201233223532233552221

248 1000 561 1103 plenius,
604 1014 835 1094 atque,
887 1015 959 1071 vt
985 1001 1074 1071 ita
1099 998 1344 1087 dicam,
1382 1000 1675 1073 diuinius
1708 1006 2116 1094 cogitamus,
2159 1016 2361 1098 atque

250 1104 450 1173 etiam
481 1101 918 1195 requirimus:
979 1098 1147 1177 sicut
1185 1097 1507 1174 miseriam
1537 1101 2001 1201 improborum
2027 1126 2171 1173 non
2204 1101 2362 1174 solie¹

249 1200 660 1276 naturalibus
715 1202 1157 1274 conscientiae
1203 1205 1456 1301 -poenis
1522 1204 2146 1290 circumscribimus,
2246 1199 2383 1275 sed.

254 1305 399 1377 aliis
437 1300 801 1374 maioribus
836 1306 1050 1377 malis‘
1074 1329 1416 1398 augemus.
1552 1307 1761 1378 Nulla
1790 1330 2139 1404 vnquam‚·
2172 1301 2363 1402 quod

251 1430 386 1499 ego
420 1405 695 1504 quidem
726 1405 950 1493 sciam,
1015 1430 1181 1499 gens
1227 1407 1388 1487 fuit,
1454 1409 1618 1497 quin
1649 1409 1864 1505 aliqua
1906 1406 2020 1505 spe
2044 1429 2121 1477 ac
2165 1419 2364 1478 mem

251 1509 431 1590 tvitae
459 1508 722 1580 alterius
748 1522 1130 1580 teneretur:
1184 1502 1322 1580 siue
1348 1503 1612 1579 duam
1655 1505 1738 1580 ab
1781 1503 2243 1603 antiquissimis
2288 1521 2365 1580 et

249 1610 662 1707 ,incorruptis
687 1606 1136 1706 temporibus,
1197 1628 1269 1704 et
1305 1603 1609 1705 reliam}
1649 1637 1685 1681 a
1715 1609 2072 1683 maioribus
2102 1609 2368 1707 opinio·
2472 1689 2477 1696 ,

247 1734 421 1784 nem
461 1734 605 1782 eam
642 1709 994 1796 haberent,
1071 1708 1238 1797 siue,
1321 1710 1391 1784 id
1432 1710 1616 1807 quod
1662 1707 2005 1785 doaiffimi
2046 1711 2364 1783 hominen

255 1806 745 1898 existimauere,
809 1813 943 1911 ipsa
988 1827 1223 1884 natura
1250 1814 1559 1885 homines
1607 1814 1678 1884 in
1711 1814 1884 1886 hanc
1914 1812 2363 1909 suspicionem

251 1930 462 2011 atque
492 1915 883 2011 opinionem
913 1912 1288 1986 deduceret.
1360 1917 1728 1986 Enimuero
1759 1915 1935 1986 nulla
1954 1913 2361 1987 ¹felicitatem

245 2018 531 2094 alterius
561 2019 736 2089 vitae
763 2017 1242 2114 tranquillitate
1273 2015 1386 2087 illa
1415 2031 1488 2086 et
1529 2013 1978 2089 obleEhtione
2018 2012 2361 2108 cogitandi

249 2120 674 2190 terminauit:
736 2143 977 2190 omnes
1025 2119 1305 2190 aliorum
1347 2116 1687 2205 bonorum
1734 2118 2101 2189 accessione
2130 2140 2366 2188 cumu-

237 2221 498 2318 Jauere.
643 2222 722 2290 In
755 2246 891 2313 quo
923 2215 1036 2290 etsi
1077 2219 1260 2290 suum
1290 2244 1597 2317 quaeque
1623 2222 1969 2311 ingenium
2000 2241 2364 2316 moresque

257 2321 515 2406 secuta,
570 2322 940 2418 compleuit
967 2324 1188 2393 omnia
1213 2324 1613 2420 opinionum
1645 2325 2026 2394 temeritate
2047 2336 2119 2394 et
2156 2317 2364 2393 stulti·

175 2455 178 2462 ·
251 2426 374 2510 tia,
436 2440 509 2496 vt
537 2418 616 2492 fit
644 2420 1029 2507 necessario,
1096 2447 1282 2507 cum,
1346 2424 1415 2493 in
1447 2422 1645 2495 rebus
1686 2446 1827 2497 non
1872 2420 2239 2493 necessariis
2291 2434 2367 2494 et

255 2526 647 2601 voluntariis
675 2522 1160 2618 cognoscendis
1179 2550 1256 2597 ac
1282 2524 1691 2612 definiendis,
1719 2519 2127 2598 conicetur„
2156 2524 2368 2620 sequi·

260 2654 452 2702 mur:
498 2626 658 2699 illud
688 2642 910 2700 tamen
938 2624 1100 2699 boni
1129 2622 1346 2699 existit
1373 2653 1453 2697 ex
1483 2625 1598 2699 ista
1616 2630 2017 2724 opinionum
2043 2625 2363 2695 varietate

253 2747 338 2804 et
363 2732 683 2812 vanitate,
747 2730 1257 2822 itt-intelligatur
1287 2727 1388 2815 id,
1446 2729 1626 2825 quod
1657 2729 1970 2800 volumus
1996 2782 2014 2814 ,
2078 2725 2365 2796 felicita·

261 2853 404 2907 tem
447 2831 704 2905 suturae
731 2832 906 2902 vitae
943 2831 1140 2902 latius
1180 2846 1409 2924 patere
1435 2830 1555 2900 illo
1597 2828 1873 2901 naturali
1900 2853 1978 2899 ac
2005 2822 2364 2900 necessario

235 2936 522 3010 ‘virtutis
552 2948 623 3005 et
651 2931 1008 3030 sapientiae
1033 2929 1292 3019 frufiu,
1358 2946 1563 3028 atque
1591 2931 1803 3007 multa
1826 2947 1899 3002 et
1924 2952 2160 3024 magna
2186 2926 2364 3004 arbi-²

259 3039 624 3112 uariorum
647 3031 985 3106 bonorum
1015 3031 1228 3105 veluti
1256 3028 1539 3113 auam-ia
1575 3030 1845 3104 habere.
1952 3056 1961 3071 ·
2074 3056 2081 3063 ·
2352 3032 2357 3035 ’

430 3161 539 3229 19.
585 3143 685 3207 Ac
713 3131 1060 3235 profeRo,
1111 3130 1160 3206 fi
1189 3138 1257 3206 in
1287 3136 1416 3207 vita
1442 3136 1645 3207 altera
1675 3135 1841 3208 nihil
1867 3130 1948 3205 ad
1977 3131 2088 3206 feli

259 3239 467 3314 detur
493 3241 747 3326 animo,
798 3255 1062 3338 praeter
1089 3261 1199 3324 ea,
1245 3261 1418 3335 quae
1451 3235 1771 3324 diximus,
1819 3238 2216 3311 naturaliter
2245 3235 2363 3306 illa

261 3369 422 3419 cum
453 3341 580 3415 hac
604 3343 741 3412 vita
752 3357 825 3412 et
850 3335 1229 3412 officiorum
1254 3340 1656 3411 naturalium
1687 3338 2364 3410 conseruationecon-

263 3441 510 3532 iunsta,
551 3441 738 3516 nullo
769 3441 979 3515 modo
1010 3443 1234 3539 plena,
1264 3458 1336 3512 et
1363 3437 1685 3538 perseGa,
1731 3454 1802 3509 et
1827 3438 2203 3510 aeternitati
2234 3433 2407 3513 sus-,1

262 3546 487 3624 ficiens
518 3546 793 3619 felicitas
835 3544 1117 3636 intelligi
1159 3539 1396 3641 potest.
1549 3545 1638 3614 Ea
1681 3541 1861 3612 enim
1902 3536 2364 3637 possessionem

257 3648 687 3746 frustumque
710 3645 1054 3719 bonorum
1086 3642 1405 3716 desiderat
1433 3668 1672 3715 eorum
1690 3696 1707 3727 ,
1759 3665 1931 3738 quae
1956 3664 2096 3713 non
2149 3638 2364 3712 modo

121 3772 128 3777 “
254 3776 502 3856 puram
565 3750 649 3822 ab
696 3750 884 3822 omni
924 3747 1333 3819 mortalitatis
1379 3746 1717 3817 humanae
1754 3740 1900 3814 labe
1942 3744 2366 3844 voluptatem

257 3849 661 3954 praebeant,
708 3848 821 3921 sed
848 3853 1043 3922 etiam
1071 3872 1430 3944 nunquam,
1472 3872 1598 3942 per
1623 3842 1877 3916 infinita
1904 3844 2136 3933 secula,
2181 3847 2361 3917 satie-
2422 3868 2425 3871 ·

258 3968 476 4027 tatem
508 3950 860 4035 allaturam,
899 3949 1177 4048 semper,
1201 3968 1202 3971 ’
1230 3966 1302 4022 vt
1332 3953 1418 4020 ita
1444 3947 1654 4019 dicam
1674 4004 1690 4034 ,
1736 3952 2049 4021 nouitatis
2078 3950 2362 4040 gratiam

241 4043 838 4134 'conserunturam,
915 4052 1177 4149 semper
1227 4052 1667 4139 crescentem,
1744 4067 1813 4120 et
1854 4075 2031 4122 noua
2073 4047 2362 4145 quadam

261 4154 627 4232 accesiione
653 4153 718 4227 se
741 4152 1352 4251 commendantem.
1499 4154 1683 4225 Talis
1716 4155 1935 4247 igitur
1966 4148 2095 4221 esse
2135 4145 2363 4325 posuis}

531 4286 536 4297 *
2243 4275 2279 4320 e
2309 4277 2358 4325 ι-
