2949 5023
503 360 514 369 “
581 380 738 456 502
990 383 1089 431 nx
1142 383 1552 435 avanti-ra
1602 376 2225 439 :nemausa-ica

595 546 688 616 in'
710 544 825 628 iis,
878 567 1046 640 quae
1085 569 1213 641 pro
1253 546 1438 619 malis
1485 546 1735 620 artibus
1776 550 2088 622 auaritiae
2128 549 2624 649 exprobrantur
2669 581 2713 630 ι

597 647 826 718 multis
867 644 1101 716 hodiet
1174 651 1368 743 quale
1407 647 1571 722 illud
1615 644 1742 721 ess'e
1786 648 2203 737 arbitramur,
2269 652 2457 750 quod
2495 651 2714 729 existi-

601 762 789 821 mant
817 745 1190 843 aliquando,
1234 751 1478 824 Seculo
1506 775 1691 824 nono
1720 768 1922 849 atque
1952 751 2238 840 decimo,
2266 754 2540 853 sparsam
2571 756 2709 831 ess'e
2822 796 2829 808 ·

607 873 646 919 a
690 847 950 918 clericis
996 854 1063 920 in
1106 853 1440 950 populum
1484 855 1815 950 opinione
1863 857 2275 928 imminentis
2313 882 2543 932 rerum
2588 862 2713 934 hu·

602 974 951 1023 manarum
993 948 1161 1035 finis,
1213 969 1285 1026 vt
1330 957 1673 1040 homines,
1717 981 1794 1029 ea
1836 959 2235 1053 opinionem
2275 962 2481 1057 capti,
2528 960 2714 1045 bona

604 1050 717 1122 sua
761 1047 1065 1122 Eccleliis
1114 1069 1185 1123 et
1225 1053 1643 1127 Monasteriis
1685 1059 2166 1155 relinquerent.
2268 1066 2454 1135 Nam
2502 1065 2563 1161 ia
2605 1090 2711 1139 er·

608 1154 746 1235 ror,
795 1152 1113 1225 fanaticae
1139 1151 1413 1228 similior
1441 1156 1811 1229 dementiae
1850 1185 2050 1254 quam
2079 1157 2349 1234 callidae
2374 1164 2711 1262 impostu-

609 1277 743 1336 rae,
788 1278 916 1324 nec
940 1254 1261 1328 toleratus
1305 1254 1399 1329 est
1440 1284 1751 1355 vnquam,
1793 1276 1869 1330 vt
1907 1260 2083 1333 bene
2122 1257 2527 1339 demonstrat
2550 1273 2705 1343 Me?

607 1358 906 1437 billonius,
950 1359 1018 1425 in
1053 1359 1295 1431 Annal.
1329 1359 1575 1433 Bened.
1601 1367 1687 1433 T.
1717 1366 1796 1434 ΙΙ,
1824 1386 1891 1462 p.
1923 1367 2094 1457 672.
2128 1363 2168 1435 s.
2211 1390 2344 1436 nec
2369 1367 2543 1439 hanc
2568 1374 2705 1449 vim

606 1454 872 1528 videtur
927 1453 1173 1530 habere
1240 1458 1540 1559 potuisse.
1667 1466 1912 1560 Neque
1982 1466 2167 1537 enim
2210 1466 2513 1542 Eoeleflis
2550 1473 2701 1568 plue

461 1642 468 1645 .
602 1582 802 1655 quam
829 1556 952 1627 suis
985 1556 1051 1627 se
1076 1561 1466 1667 profuturos
1495 1559 1856 1636 existimare
1882 1580 2214 1663 poterant,
2262 1574 2554 1665 quinon
2586 1570 2703 1648 fibi

605 1660 819 1751 magis
846 1683 1047 1757 quam
1075 1663 1385 1737 omnibus
1411 1662 1617 1736 finem
1664 1690 1887 1738 rerum
1916 1663 2154 1740 instare
2182 1667 2557 1747 crederent.
2692 1744 2697 1753 .

743 1825 875 1899 sed
916 1822 1044 1901 sint
1081 1817 1190 1895 ista
1230 1835 1302 1892 et
1342 1820 1460 1892 alia
1503 1819 1610 1892 his
1650 1818 1892 1906 similia,
1939 1821 2043 1894 vel
2076 1821 2353 1898 honesta
2389 1829 2547 1928 ipsa,
2596 1831 2708 1905 vel

601 1928 898 2023 maligne
930 1931 999 1999 in
1026 1924 1336 1997 auaritiae
1375 1923 1630 1993 crimen
1668 1939 1929 1994 vocata:
1978 1939 2203 1997 tamen
2249 1952 2388 1999 non
2425 1934 2711 2007 vicerint

603 2030 755 2109 vllis
784 2025 1120 2103 dostrinae
1149 2025 1461 2121 antiquae
1507 2025 1717 2122 copiis
1760 2023 1867 2097 vel
1899 2023 2549 2104 moderatiffimarum
2580 2034 2708 2106 ho·

606 2128 1236 2223 nestiffimarumque
1263 2125 1653 2198 familiarum
1685 2125 1957 2210 sodales,
2010 2132 2233 2227 copias
2269 2131 2707 2211 Ecclesiamm

600 2231 886 2330 suasque
911 2229 1072 2308 nihil
1096 2225 1339 2299 debere
1367 2229 1668 2299 auaritiae
1697 2227 1942 2299 artibus
1972 2254 2119 2301 non
2144 2232 2520 2329 probandiS,
2561 2262 2704 2311 non

604 2331 866 2412 decoris
907 2331 1339 2424 Euangelicae
1369 2324 1771 2420 profeffioni,
1822 2354 1991 2427 quae
2017 2337 2244 2429 copias
2271 2334 2578 2433 spernere
2606 2343 2701 2413 iu·

604 2433 761 2518 bet;
813 2433 1055 2536 quibus
1087 2435 1286 2511 etiam
1312 2426 1403 2502 vfi
1441 2426 1567 2500 fint
1593 2430 1659 2516 ii,
1708 2455 1998 2529 quorum
2039 2438 2312 2513 nomina
2355 2435 2703 2519 sanffitatis

602 2537 829 2615 laudes
858 2536 1324 2616 nobilitauere.
1424 2532 1731 2629 Exempli
1759 2528 1962 2607 cauffa
1994 2532 2285 2612 dicamus
2317 2539 2399 2612 de
2428 2568 2581 2630 vno,
2612 2569 2705 2616 ne

604 2639 956 2731 longiores
998 2636 1228 2711 fimus:
1283 2633 1536 2739 quippe
1576 2631 1817 2708 librum
1863 2661 2001 2708 non
2049 2638 2418 2726 scribimuS,
2461 2659 2535 2716 et
2579 2670 2708 2744 pet·

600 2739 779 2820 banc
819 2736 1227 2816 occasionem
1270 2740 1493 2834 operis
1547 2740 1804 2835 antiqui
1842 2742 2083 2813 notitia
2120 2760 2417 2816 accurata
2460 2750 2706 2847 irnper-

601 2844 849 2919 tlemus
878 2838 1198 2920 studiosos
1231 2840 1635 2936 antiquitatis
1665 2836 1980 2930 eruditae,
2029 2868 2159 2943 qua
2187 2843 2390 2941 vulgo
2431 2873 2706 2948 caruere

604 2947 808 3016 etiam
844 2941 925 3020 de
956 2939 1334 3021 dossiffimis
1362 2939 1653 3040 quidam.
2656 2979 2661 2988 ·

731 3099 814 3167 In
840 3093 1179 3190 beneficiis
1204 3093 1380 3168 haud
1424 3095 1572 3167 satis
1611 3098 1957 3171 consultae
1984 3097 2245 3198 semper
2281 3101 2702 3183 liberalitatis

507 3193 516 3198 ’
588 3221 750 3291 erga
777 3194 1087 3269 Ecclesiae
1114 3193 1582 3269 constantinus
1608 3202 1710 3269 Μ.
1739 3205 1940 3272 etiam
1972 3202 2107 3272 hoc
2134 3206 2211 3274 iis
2251 3204 2493 3281 tribuit
2524 3211 2687 3304 lega·

587 3303 849 3374 Romae
905 3302 1002 3369 in.
1032 3296 1182 3395 ipsis
1226 3303 1462 3396 Quinq
1483 3299 1877 3375 uennalibus
1919 3300 2330 3380 Constantini
2372 3325 2447 3382 et
2484 3313 2688 3409 Crispi

587 3403 942 3475 Caesarum
973 3398 1328 3499 proposita,
1382 3418 1455 3470 vt
1498 3403 1781 3499 quisque
1825 3401 2151 3493 Ecclefiis,
2204 3412 2518 3508 quicquid
2556 3415 2691 3484 vel·

467 3513 478 3519 “
591 3505 729 3587 let,
774 3500 1172 3576 testamento
1212 3498 1428 3599 posset
1469 3504 1882 3600 relinquere:
1926 3531 2097 3604 quae
2137 3508 2242 3582 lex
2283 3515 2486 3586 etiam
2511 3539 2697 3588 nune
2772 3566 2787 3573 ·

587 3618 764 3677 extat
792 3606 832 3677 1.
861 3631 930 3698 4.
968 3607 1122 3678 Cod.
1160 3604 1387 3677 Theod.
1420 3601 1508 3673 de
1537 3604 1742 3703 Episc.
1771 3604 2075 3681 Ecclefiis
2115 3626 2186 3682 et
2212 3613 2511 3700 clericis,
2556 3635 2628 3690 et
2654 3618 2703 3692 l.

586 3729 653 3780 1.
689 3708 837 3779 Cod-
863 3706 1015 3799 lust.
1061 3704 1145 3776 de
1172 3710 1278 3778 SS.
1309 3706 1488 3778 Eccl.
1531 3702 1667 3778 siue
1711 3733 1786 3779 ea
1824 3711 2037 3806 prima
2078 3712 2222 3783 eius
2258 3719 2358 3787 rei
2404 3719 2511 3788 ius
2534 3718 2705 3794 fecit

581 3804 908 3920 quleffis,
947 3804 1079 3877 siue
1109 3823 1266 3879 ante
1291 3811 1440 3893 iam,
1470 3804 1552 3879 ab
1583 3834 1762 3880 anno
1790 3809 1944 3880 inde
1973 3836 2116 3904 312
2144 3813 2284 3887 aliia
2310 3841 2351 3887 a
2381 3819 2708 3893 Constan-

581 3907 732 3984 tino
775 3903 1189 3995 concefl'um,
1240 3905 1325 3980 ad
1372 3913 1703 3981 Romanas
1746 3913 1940 3983 etiam
1993 3912 2312 3994 Ecclesias
2352 3924 2707 4014 pertinere

579 4011 812 4103 voluit,
859 4031 1049 4119 quae*
1069 4032 1157 4090 eo
1197 4010 1348 4086 iur-
1372 4026 1534 4088 ante
1580 4008 1962 4105 caniiss'ent3
2009 4040 2177 4118 quae
2218 4014 2314 4095 est
2341 4022 2704 4130 Gothofte..

591 4131 600 4148 ⁸
2622 4131 2703 4209 di
