2949 5023
542 375 690 460 378
1059 338 2108 448 oport-''xerocnnurr

540 558 725 647 parte
768 528 979 644 porro
1020 545 1254 643 prima,
1306 568 1478 643 quae
1517 539 1610 615 est
1657 538 2038 616 sanssiffima
2080 543 2425 628 omnium,
2477 564 2642 618 eum

539 664 765 720 tamen
794 638 982 719 locus
1012 646 1115 717 vel
1142 643 1568 743 quaereretur
1592 644 2057 740 ambiguitatis,
2086 646 2197 717 vel
2230 645 2456 743 quaeri
2487 644 2640 742 pos-

539 750 607 822 fe
649 745 985 820 videretur
1005 801 1022 833 ,
1092 766 1376 846 propter
1439 745 1781 820 mirificam
1826 750 2206 819 varietatem
2254 761 2328 817 et
2369 749 2661 846 copiam‘

539 852 1023 947 Scripturarum
1066 849 1134 923 in
1174 875 1251 920 ea
1291 875 1363 922 re
1401 849 1850 948 exprimenda,
1894 846 2260 946 quaesitum
2292 845 2418 935 est,
2465 864 2635 945 quo·

520 955 752 1024 ‘modo
795 966 939 1024 tota
982 950 1091 1022 illa
1132 952 1407 1023 varietas
1436 950 1518 1022 ad
1543 952 1837 1023 notionis
1867 963 1937 1021 et
1968 949 2157 1023 verbi
2185 953 2508 1022 vnitatem
2534 973 2635 1025 te-

543 1054 766 1128 vocari
794 1047 1021 1153 postet,
1072 1053 1142 1123 in
1171 1077 1296 1151 qua
1344 1053 1770 1151 perspicuitas
1810 1048 1971 1124 effet
1995 1069 2067 1125 et
2098 1053 2470 1149 proprietas
2498 1047 2633 1120 fine

410 1219 427 1249 x
541 1155 728 1228 omni
771 1170 1130 1253 troporum
1173 1173 1246 1225 et
1289 1152 1648 1248 figurarum
1678 1153 1948 1226 vmbris.
2052 1160 2233 1225 Nam
2263 1151 2378 1225 sub
2412 1152 2519 1223 his
2546 1150 2635 1223 fa·
2755 1198 2764 1203 —

541 1257 673 1329 cile
713 1256 817 1326 vel
865 1254 1112 1327 inscitia
1152 1255 1258 1326 vel
1299 1253 1780 1352 interpretandi
1824 1256 2195 1348 malignitas
2224 1252 2501 1326 latebras
2529 1278 2632 1323 re·

538 1360 750 1458 perit;
807 1356 902 1440 illi
943 1353 1112 1426 bene
1154 1370 1457 1453 repertae
1488 1373 1560 1429 et
1598 1354 1999 1430 constitutae
2027 1358 2137 1428 vbi
2178 1354 2471 1428 adsueuit
2495 1355 2632 1424 ani·

539 1484 722 1539 mua,
766 1453 862 1542 fit,
907 1475 978 1528 vt
1019 1482 1163 1528 eam
1208 1460 1276 1527 in
1323 1462 1509 1530 omni
1549 1459 1656 1531 illa
1697 1461 2006 1531 varietate
2049 1458 2250 1531 solam
2300 1472 2370 1527 et
2406 1470 2630 1527 totam

536 1557 891 1660 perspicue
929 1558 1160 1646 videat,
1206 1576 1332 1630 nec
1370 1561 1466 1630 rei
1510 1558 1813 1632 tenebras
1854 1578 1968 1632 aut
2008 1558 2264 1632 vmbras
2290 1586 2326 1631 a
2356 1558 2631 1656 phanta-

537 1644 626 1733 fia
667 1655 926 1732 offundi
965 1655 1152 1745 finnt,
1206 1686 1330 1759 per
1356 1686 1517 1832 anas
1564 1665 1909 1735 veritatem
1937 1665 2263 1753 integram
2293 1674 2363 1730 et
2391 1681 2633 1757 puram

541 1787 620 1833 ex
649 1762 855 1834 oculis
884 1766 1154 1833 amittat.
1255 1766 1360 1832 De
1417 1766 1673 1835 inatum
1699 1769 1761 1836 ei
1789 1769 1884 1836 rei
1913 1762 2007 1835 est
2033 1763 2240 1834 multa
2267 1777 2424 1833 ante
2454 1758 2631 1830 seeu-

537 1862 607 1936 la
642 1864 1081 1959 satisfaciendi
1121 1859 1430 1949 verbum,
1497 1861 1757 1939 delean
1815 1860 2200 1936 restissimo:
2258 1864 2511 1962 quippe
2555 1858 2626 1931 id

535 1964 816 2038 verbum
850 1982 931 2035 >et
976 1963 1505 2061 perspicuitatem
1551 1965 1754 2039 habet
1799 1966 1986 2039 nullo
2026 1963 2234 2037 modo
2279 1962 2628 2036 obscuran-

540 2064 691 2137 dam
722 2080 789 2136 et
815 2064 1333 2151 diminuendam,
1387 2083 1457 2140 et
1483 2073 1734 2166 pariter
1775 2072 2082 2167 exprimit
2110 2083 2265 2137 tum
2285 2062 2627 2138 aaionum

535 2184 685 2251 tum
728 2162 1218 2264 perpeffionum
1265 2169 1405 2241 lesu
1451 2172 1581 2243 vim
1624 2172 1705 2242 ad
1746 2195 1951 2242 vnum
2000 2167 2156 2241 illud
2200 2166 2418 2239 salutis
2448 2161 2626 2239 resti-

537 2268 831 2340 tuendae
861 2293 1034 2366 opus
1063 2270 1444 2344 valentium.
1529 2276 1714 2343 Huic
1739 2296 1901 2365 ergo
1933 2266 2272 2343 adsuefieri
2300 2271 2630 2369 oportuit,

538 2382 610 2438 et
637 2371 984 2465 quomodo
1015 2372 1491 2468 Scripturarum
1537 2374 1759 2446 verbis
1786 2368 2015 2445 ineffet
2042 2368 2318 2461 ostendi,
2363 2386 2437 2441 vt
2468 2392 2629 2442 cuna

539 2467 695 2570 ipsis
738 2470 979 2570 vbique
1021 2489 1405 2556 occurreret
1444 2477 1814 2576 Scripturas
1856 2472 2248 2566 legentibus.
2351 2475 2437 2544 Et
2474 2471 2625 2544 satis

537 2589 678 2646 erat
705 2574 882 2672 quod
915 2576 1026 2645 hic
1051 2589 1376 2666 ageretur,
1424 2602 1556 2648 nec
1594 2603 1765 2675 opus
1799 2580 1871 2648 in
1915 2577 2098 2648 hunc
2122 2577 2352 2649 locum
2382 2598 2627 2666 conge·

535 2700 683 2748 rere
712 2674 955 2769 figuras
985 2676 1362 2765 verborum,
1402 2695 1477 2751 vt
1517 2684 1708 2773 regni
1736 2693 1806 2751 et
1831 2677 2190 2762 sacerdotii,
2230 2691 2301 2747 et
2323 2678 2628 2773 partitio-

535 2801 657 2848 nes
686 2782 912 2877 operis
951 2794 1022 2849 et
1060 2782 1352 2850 muneris
1383 2777 1621 2854 Christi
1661 2806 1740 2851 ex
1785 2782 1932 2864 illis,
1979 2805 2103 2876 per
2128 2802 2286 2875 quas
2312 2777 2625 2870 ambages

532 2877 779 2971 longae
821 2894 892 2952 et
921 2883 1183 2952 inutiles
1211 2880 1707 2967 inducerentur,
1751 2899 1955 2978 atque
1982 2880 2201 2952 multis
2234 2876 2625 2974 quaestioni·

531 2975 681 3063 bus,
707 2994 778 3048 et
804 3004 927 3077 per
952 3007 1062 3054 eas
1078 2983 1541 3056 controuersiis
1573 2983 1783 3056 aditus
1811 2982 2107 3067 daretur3
2135 3005 2303 3079 quae
2329 2978 2383 3051 fi.
2403 2982 2627 3053 omni·

533 3099 630 3150 no
674 3081 1015 3172 agitandae
1058 3079 1299 3167 effent,
1362 3083 1618 3157 trastari
1659 3087 1792 3158 alio
1834 3085 1988 3156 loco
2029 3080 2400 3167 debebant,
2438 3098 2510 3154 vt
2548 3085 2636 3168 in,

533 3177 1084 3278 disputationibus
1127 3188 1474 3276 exegeticis
1505 3189 2008 3285 scripturarum,
2053 3202 2165 3256 aut
2204 3187 2275 3256 in
2299 3188 2620 3280 interpres

530 3286 785 3354 tatione
826 3285 1209 3367 nominum,
1268 3285 1512 3382 quibus
1555 3288 1929 3387 Scripturae
1970 3290 2387 3358 Seruatorem
2427 3281 2610 3355 futu-2

530 3409 684 3458 rum
717 3383 1037 3479 insignem
1067 3385 1448 3462 hominibus
1480 3388 1796 3480 fecerant,
1833 3415 1973 3463 non
2005 3391 2074 3460 in
2099 3386 2316 3460 subtili
2340 3384 2613 3478 dogmas

530 3491 617 3560 tia
644 3489 815 3560 illius
844 3488 1298 3587 explicatione.

680 3598 786 3664 De
813 3614 1028 3684 regno
1044 3587 1279 3664 Christi
1310 3593 1602 3689 primum
1631 3596 1809 3665 inter
1837 3589 2092 3667 nostros
2121 3594 2188 3662 in
2224 3586 2458 3663 libello
2490 3586 2620 3664 do-

512 3693 818 3784 gmatico
849 3694 1161 3765 locorum
1189 3688 1477 3766 differuit
1507 3696 1880 3790 philippam
1919 3719 2149 3769 verum
2176 3684 2420 3765 nonin
2455 3692 2613 3765 loce

527 3791 615 3862 de
645 3790 804 3877 Iesu,
852 3792 956 3864 sed
1002 3797 1073 3866 in
1113 3798 1344 3867 vicinia
1384 3798 1613 3895 capitis
1653 3796 1738 3868 de
1785 3794 2269 3871 resurreetione
2306 3810 2656 3868 mortuo(

524 3913 698 3978 rum,
744 3891 826 3964 ad
875 3893 1235 3968 refellenda
1278 3897 1526 3968 somnia
1569 3897 2061 3982 ludaizantium,
2109 3913 2280 3997 quae
2321 3914 2467 3970 tum
2511 3922 2615 3969 re-

522 3991 954 4079 vocabantur,
998 4014 1068 4066 et
1119 4021 1397 4089 regnum
1436 3994 1681 4070 vifibilo
1727 3996 1960 4070 Christi
1991 4004 2059 4071 in
2091 4001 2192 4071 his
2233 4005 2425 4072 terris
2455 4013 2613 4070 ante

523 4094 808 4173 reditum
838 4093 917 4172 ad
942 4095 1259 4173 iudicium
1288 4102 1556 4196 generis
1581 4100 1861 4178 humani
1885 4099 2170 4179 vniuerfi
2210 4095 2612 4177 constituen-

1535 4249 1540 4252 Α
2406 4220 2611 4276 num:
