2949 5023
853 356 867 378 '
912 360 927 381 ³
978 366 985 371 ·
1042 337 1521 411 ‘'a-‘nurum
1847 360 1858 389 ³
2196 352 2372 440 379*-

250 523 461 596 tisim:
493 506 802 594 aduersus
830 535 999 619 quos
1026 512 1364 620 praeclare
1382 518 1814 612 demonstrat,
1845 511 2127 620 regnum
2158 526 2376 601 Chri--

251 621 357 709 sti,
403 620 583 719 quod
612 625 885 722 proprie
904 622 1193 710 dicatur,
1236 651 1275 695 a
1302 650 1441 723 quo
1465 623 1753 709 Meffias,
1792 630 1932 700 Rex
1955 643 2026 700 et
2055 625 2370 703 Christus·

254 723 646 825 appelletur,
676 716 825 795 'else
865 740 1090 799 totum
1132 729 1200 798 in
1242 744 1471 800 mente
1515 725 1932 801 credentium
1987 753 2110 827 per
2145 733 2372 828 Spin--

254 842 400 899 tum
431 822 741 898 santium
766 843 837 897 et
869 828 1321 921 Euangelium.
1424 830 1651 902 Paullo
1685 826 1836 928 post
1861 831 2217 930 Strigelius,
2267 858 2376 904 ex·

260 931 403 1000 eius
433 919 1005 1029 disciplinaortus,
1049 929 1225 1001 idem
1269 950 1470 1028 caput
1511 927 1885 1030 eodemque
1912 933 2068 1005 loco
2099 957 2175 1004 ac
2202 957 2349 1005 mo-

256 1030 350 1102 do
374 1025 711 1115 tranans,
758 1028 1008 1102 addidit
1047 1030 1294 1104 ibidem
1336 1030 1419 1101 de
1449 1035 1829 1119 Sacerdotio,
1879 1050 1953 1106 vt
1996 1034 2349 1107 sententias

256 1132 635 1228 Scripturae
681 1129 764 1202 de
794 1130 1176 1206 sacerdotio
1219 1132 1366 1205 Iesu
1411 1135 1781 1233 explicaret,
1830 1131 1913 1206 de
1956 1159 2145 1207 more
2172 1154 2349 1207 vete-

254 1255 414 1305 rum
456 1236 1068 1332 Sententiariorum.
1156 1238 1494 1332 ,Denique
1553 1260 1658 1306 res
1715 1250 1986 1334 vtraqu'e
2040 1237 2378 1309 translata·

262 1324 454 1407 estin
499 1351 700 1434 caput
743 1333 827 1405 de
866 1336 1011 1408 Iesu
1055 1334 1131 1406 ad
1178 1335 1703 1423 illuminandam,
1757 1361 1838 1407 an
1877 1335 2354 1411 obscurandam
2488 1367 2493 1373 ·
2529 1341 2536 1349 ’

238 1434 544 1536 'pat-tem,
594 1435 682 1506 de
706 1456 917 1535 opere
944 1433 1178 1511 Christi
1208 1435 1291 1508 ad
1324 1438 1594 1510 fflutem
1626 1442 1887 1529 generis
1912 1439 2184 1510 humani
2211 1463 2358 1537 per·

261 1541 566 1618 tinente;
618 1536 850 1609 addito
875 1543 1075 1610 etiam
1117 1543 1319 1611 tertio
1366 1539 1448 1609 de
1479 1543 1843 1634 prophetico
1873 1537 2121 1636 officio,
2169 1539 2356 1638 quod

267 1634 609 1738 Strigelias
647 1642 718 1710 in
763 1639 1126 1712 sacerdotio
1171 1640 1601 1734 intelligebat,
1652 1644 1924 1741 eiusque
1967 1657 2225 1741 partem
2266 1642 2358 1717 fa·

269 1737 510 1811 ciebat.
606 1743 701 1811 In·
733 1764 874 1838 quo
916 1768 1070 1814 eum
1120 1741 1514 1814 secutisunt
1555 1743 1691 1826 alii,
1736 1745 1851 1841 qui
1888 1745 2024 1815 vim
2064 1747 2357 1817 nominis
2471 1810 2476 1815 ,
2564 1720 2579 1785 .‘

266 1840 671 1942 prophetici,
723 1867 875 1915 cum
910 1847 1250 1929 seruatori
1288 1847 1555 1937 ‘generis
1600 1843 1873 1916 humani
1901 1848 1968 1916 in
1999 1847 2357 1944 Scripturis

266 1940 603 2028 tribuitur,
652 1968 793 2016 non
821 1941 1335 2043 assequebantur,
1390 1942 1462 2017 et
1500 1944 1866 2018 sacerdotes
1901 1945 2201 2018 Iudaicos
2238 1973 2363 2019 nce

268 2040 414 2116 stris
455 2041 696 2118 ssmiles
740 2044 1106 2141 fingendo,
1167 2046 1452 2120 docendi
1513 2060 1757 2118 munus
1802 2051 1879 2119 iis
1920 2046 2362 2146 affignabant3

268 2143 460 2246 quod
504 2151 583 2219 iis
628 2171 770 2218 non
813 2153 1169 2235 conuenit,
1233 2146 1359 2228 nisi·
1394 2175 1526 2248 qua
1576 2148 1798 2240 legem
1836 2153 2362 2238 cerimoniarum,

272 2274 354 2319 ex
380 2273 515 2348 qua
541 2247 627 2319 de
653 2256 945 2347 peccatis
988 2275 1360 2349 eorumque
1406 2276 1534 2349 per
1563 2247 1866 2321 sacrificia
1893 2254 2189 2344 expiandi
2219 2278 2365 2325 mo·

275 2347 385 2438 do,
438 2353 855 2452 omninoque
873 2351 962 2423 de
1004 2354 1293 2427 cultibus
1321 2353 1658 2436 Leuiticis,
1710 2350 2215 2448 respondebant,
2266 2342 2364 2425 iuss

275 2450 460 2525 dices
497 2456 704 2547 magis
748 2471 820 2528 et
858 2455 1143 2528 consulti
1187 2456 1382 2547 legis,
1431 2478 1631 2552 quam
1671 2450 1974 2526 dostores
2015 2453 2363 2548 religionis

271 2553 631 2640 vniuersae,
679 2558 902 2653 quales
945 2555 1617 2630 nostros'sacerdotes
1664 2556 2006 2628 habemus,
2120 2554 2251 2629 Sed
2292 2558 2364 2627 in

154 2666 159 2670 ’
275 2655 405 2727 illis
432 2658 814 2730 nominibus
839 2655 1170 2748 vniuersis,
1208 2683 1333 2757 per
1357 2681 1528 2754 quae
1569 2681 1812 2730 munus
1841 2661 2211 2731 Seruator'is
2238 2679 2370 2730 no-

278 2752 389 2830 stri
426 2762 652 2855 partiri
692 2760 979 2857 placuit,
1030 2759 1182 2831 rsus
1235 2757 1560 2856 loquendi
1597 2762 2080 2856 Scripturarum
2125 2783 2368 2858 parum

280 2857 392 2933 vel
429 2858 805 2933 intellestus
846 2861 956 2931 vel
995 2860 1290 2932 seruatus
1330 2856 1458 2945 est,
1501 2860 1780 2956 suntque
1816 2857 1983 2929 adeo
2025 2862 2368 2960 opinionis
2409 2930 2413 2934 4

283 2956 556 3034 arbitrio
582 2961 850 3048 diuulsa,
902 2985 1079 3060 quae
1111 2964 1182 3032 in
1218 2960 1347 3032 illis
1377 2959 1534 3034 sunt
1557 2957 2092 3034 coniunstiffima.
2193 2962 2269 3034 Id
2294 2977 2374 3036 vt

284 3057 707 3158 intelligatur.
730 3065 1013 3163 planius,
1061 3059 1273 3162 pauca¹
1313 3062 1512 3162 super
1550 3065 1675 3136 illis
1720 3059 1936 3136 verbis
1978 3067 2068 3137 ita
2113 3061 2371 3138 differe-

282 3189 454 3252 muS,
486 3181 562 3239 vt
589 3167 880 3264 primum
908 3163 991 3239 de
1017 3165 1421 3266 prophetico
1451 3182 1520 3237 et
1541 3166 1724 3258 regio
1756 3169 2028 3239 nomine
2057 3162 2375 3258 dicamus,

283 3263 539 3364 deindes
557 3266 642 3339 de
667 3265 1019 3340 sacerdotis
1044 3268 1486 3365 appellatione
1515 3265 1913 3341 differamus.

422 3373 560 3443 Iam
601 3372 894 3470 primum
940 3369 1085 3441 satis
1131 3365 1413 3456 constat,
1478 3391 1630 3442 cum
1674 3373 1987 3440 Seruator
2022 3366 2376 3439 hominum

188 3547 195 3550 .
288 3467 616 3566 Propheta
652 3469 909 3556 dicitur,
956 3468 1235 3543 verbum
1263 3469 1330 3541 id
1356 3493 1496 3541 non
1526 3496 1609 3543 eo
1637 3470 1845 3543 modo
1889 3466 2018 3541 effe
2057 3470 2382 3566 accipien-

293 3565 480 3666 dum,
531 3598 670 3669 quo
692 3574 763 3644 id
792 3574 1322 3645 communicatur
1355 3595 1515 3642 cum
1543 3573 1675 3643 aliis
1709 3571 1957 3656 multia,
1985 3592 2137 3641 cum
2168 3570 2382 3642 omni·

293 3667 460 3756 bue,
503 3675 620 3769 qui
660 3675 1021 3747 voluntatis
1063 3671 1332 3746 diuinae
1368 3672 1798 3744 ad-homines
1840 3674 2382 3769 interpretandae

298 3766 513 3842 caussa
541 3771 701 3843 miffi
733 3774 901 3847 sunt.
1002 3779 1227 3848 Maius
1256 3772 1501 3871 aliquid
1545 3772 2053 3868 intelligendum
2084 3770 2196 3857 est,
2242 3797 2390 3844 non¹

297 3886 443 3944 tam
471 3887 750 3970 propter
779 3875 1093 3972 personae
1120 3877 1315 3977 supra
1344 3890 1603 3947 ceteros
1650 3874 1884 3948 omnes
1913 3878 2391 3960 excellentiam,

298 3972 417 4053 sed
448 3989 730 4073 propter
757 3971 952 4071 ipsius
968 3984 1265 4054 muneris
1294 4005 1373 4053 ac
1400 3976 1733 4072 dignitatis
1765 4005 1849 4053 eo
1878 3975 2090 4052 uerbo
2108 3974 2397 4066 designa·

302 4092 415 4155 tae
434 4071 915 4181 praestantiam.
1002 4084 1259 4159 Primus
1289 4078 1517 4172 Moses
1539 4084 1609 4156 in
1639 4083 1857 4183 quinti
1891 4079 2041 4155 libri
2073 4075 2397 4251 duodfiertgi·

1655 4247 1660 4254 .
2154 4201 2230 4251 oe
2351 4203 2408 4252 α
