2949 5023
704 332 798 380 nt
862 330 1309 381 numeratu:
1385 330 2007 381 cfonflnrvznna
2264 325 2411 407 279

298 491 444 592 ipso
484 492 544 587 ᾗ.
581 501 674 578 87
703 491 839 591 sqq.
986 492 1110 563 Sed
1140 488 1390 563 habent
1434 492 1631 564 etiam
1671 496 1959 591 ,propria
2001 490 2409 567 documenta

295 595 625 668 bonitatis
662 609 732 664 et
754 593 1102 688 sapientiae
1132 592 1425 681 diuinae,
1495 598 1564 665 in
1602 604 1686 666 eo
1718 599 2027 681 maxime,
2093 594 2281 693 quod
2337 600 2410 667 in

292 699 378 767 iis
409 689 504 764 est
531 695 772 791 pignus
804 693 959 766 fidei
1009 696 1428 793 perspicuum
1461 711 1532 768 et
1575 692 1900 783 sensibile,
1960 714 2031 769 et
2059 701 2154 768 vis
2186 695 2265 767 ad
2295 723 2405 768 ro-

290 788 900 868 borandam‘fidem
945 795 1418 893 promissorum
1463 795 1886 883 diuinorum,
1965 808 2412 894 amoremque‘

286 898 598 971 aduersus
631 902 854 969 Deum
890 899 1337 996 hominesque
1369 897 1942 973 inflammandum:
2018 905 2185 973 Cum
2215 903 2397 973 enim

281 996 481 1072 fitea
528 999 880 1070 hominum
913 1015 1173 1083 natura,
1237 1019 1309 1071 vt
1352 997 1638 1073 sensibus
1669 1001 1856 1072 valde
1885 1001 2232 1084 ducantur,
2293 1006 2398 1076 iis·

282 1126 417 1199 que
445 1125 552 1171 res
581 1110 887 1198 quaeque
918 1103 1006 1172 ita
1036 1096 1654 1190 certiorvideatur,
1714 1118 1790 1174 vt
1813 1107 2027 1201 ’magis
2056 1104 2136 1174 ad
2178 1103 2392 1174 sensus
2475 1168 2482 1179 ,

280 1203 604 1300 pertinet,
656 1219 773 1274 aut
802 1227 925 1300 per
957 1204 1177 1274 sensus
1207 1206 1607 1300 percipitur:
1654 1229 1792 1275 non
1824 1230 1963 1303 quo
1995 1230 2100 1275 res
2125 1201 2387 1276 sensibi-

280 1305 378 1374 les
426 1302 540 1372 sua
566 1320 798 1375 natura
838 1306 1155 1376 certiores
1203 1303 1326 1376 fint
1366 1303 1925 1397 intelligibilibus,
1989 1321 2058 1376 et
2097 1303 2392 1402 inadspe-
2515 1356 2518 1359 η

277 1400 660 1486 stabilibus,
707 1404 816 1475 sed
845 1404 1028 1502 quod
1060 1405 1277 1478 sensus
1309 1430 1573 1492 earum,
1617 1421 1689 1476 et
1715 1405 2144 1490 certitudinis,
2173 1410 2389 1478 acrior

281 1501 472 1595 estet
498 1505 782 1578 viuidior
807 1510 875 1578 in
911 1510 1143 1579 animis
1172 1512 1515 1579 humanis:
1568 1504 1893 1605 profesto}
1917 1531 2230 1599 magnum
2266 1505 2383 1579 bea

276 1605 596 1678 neficium
623 1608 971 1705 sapientiae
998 1608 1281 1681 diuinae·
1292 1611 1510 1709 putari
1539 1605 1755 1689 debet,
1802 1608 1989 1706 quod
2017 1634 2137 1705 per
2164 1612 2382 1681 Sacra-

274 1722 673 1781 mentorum
702 1706 992 1782 instituta
1022 1710 1312 1807 quodam
1358 1708 1576 1785 modo
1600 1708 1681 1781 ad
1709 1709 1924 1780 sensus
1951 1708 2127 1806 ipsos
2157 1709 2384 1783 admo·

148 1874 153 1879 .
269 1814 376 1883 vit
402 1810 881 1883 certitudinem
908 1809 1375 1911 promissorum
1405 1812 1707 1897 suorum,
1752 1827 1952 1909 atque
1979 1814 2067 1882 ita
2097 1834 2214 1883 eos
2259 1835 2378 1883 vo·

273 1915 454 1983 cauit
482 1916 550 1985 in
579 1918 1139 1987 communionem
1168 1912 1360 1996 fidei,
1425 1931 1500 1986 vt
1526 1938 1651 2011 per
1681 1938 1917 1999 eorum
1946 1915 2082 1983 vim
2120 1912 2380 1984 adiuua-

250 2012 459 2086 “retur
522 2010 676 2083 fidei
736 2016 1069 2087 certitudo
1130 2031 1201 2087 et
1258 2030 1612 2088 acueretur
1669 2014 2087 2086 certitudinis
2137 2014 2378 2086 sensus.

273 2113 869 2200 Quemadmodum
905 2121 1109 2209 igitur
1154 2116 1495 2215 quondam
1531 2120 1726 2187 Deus
1759 2114 1990 2188 iridem
2022 2112 2379 2191 coelestem

269 2217 568 2292 adiunxit
610 2216 1059 2315 promiffioni,
1137 2244 1263 2317 qua
1308 2223 1624 2291 timorem
1672 2215 1900 2291 diluuii
1940 2217 2117 2303 talis,
2183 2218 2378 2315 quale

267 2320 700 2393 Noachicum
727 2318 971 2405 fuerat,
1024 2346 1103 2392 ex
1143 2324 1378 2393 animis
1404 2314 1756 2392 hominum
1795 2317 2090 2403 tolleret,
2143 2336 2231 2390 *vt
2279 2320 2381 2414 pi·

267 2445 444 2516 gnus
476 2416 724 2496 visibile
747 2420 1199 2521 promissionis
1231 2422 1581 2511 haberent,
1629 2416 2203 2517 existimarentque
2232 2432 2373 2490 tam

268 2537 527 2595 certum
558 2525 730 2595 illius
769 2523 1218 2623 promiffionis
1261 2540 1583 2598 euentum
1627 2522 1804 2607 fore,
1859 2545 2060 2620 quam
2112 2534 2373 2591 certum

268 2624 459 2710 effet,
526 2626 792 2697 seillam
822 2626 1001 2699 iridis
1031 2628 1317 2726 speciem
1350 2626 1565 2699 oculis
1600 2648 1908 2696 cernere:
1963 2621 2052 2693 sic
2077 2633 2131 2691 e.
2164 2646 2219 2692 c.
2247 2624 2378 2693 Eu-'

265 2724 602 2800 cbaristiae
642 2727 1052 2801 sacramento
1097 2728 1427 2814 institute,
1503 2730 1680 2799 hanc
1730 2726 1929 2798 nobis
1982 2723 2371 2796 facultatem

262 2829 478 2918 dedit,
524 2832 690 2900 vt‘in
720 2829 985 2903 edendo
1015 2856 1091 2902 ac
1120 2829 1415 2902 bibendo
1446 2832 1846 2923 cogitemus,
1891 2850 2092 2923 quam
2110 2839 2371 2900 certum

261 2930 376 3015 fit,
445 2954 573 3001 nos
619 2931 805 3003 hune
836 2953 1115 3031 panem,
1186 2949 1388 3030 atque
1430 2929 1567 3003 hoc
1607 2933 1837 3000 vinum
1881 2926 2016 3000 hoc
2056 2941 2376 3024 tempore

263 3032 464 3105 edere
489 3055 566 3102 ac
594 3029 850 3120 bibere,
900 3054 1039 3108 tam
1070 3051 1318 3106 certam
1348 3029 1477 3105 effe
1509 3033 1770 3104 veniam
1799 3045 2229 3129 peccatorum
2246 3049 2380 3100 no··

259 3133 550 3210 ssrorum
582 3151 867 3232 propter
891 3142 934 3208 1.
965 3143 1038 3209 C.
1064 3152 1201 3210 tam
1233 3150 1482 3207 certam
1527 3136 1708 3233 spem
1752 3133 1985 3205 salutis.
2132 3140 2367 3227 Atque

256 3255 334 3312 vt
378 3239 489 3311 illa
534 3238 861 3312 certitudo
902 3241 1103 3310 etiam
1143 3236 1419 3310 sanssior
1461 3252 1531 3307 et
1573 3232 1913 3307 amabilior
1953 3229 2143 3319 effet,
2217 3255 2365 3302 eam

256 3365 399 3413 non
428 3364 602 3440 pane
624 3355 697 3410 et
723 3345 884 3412 vino
930 3341 1311 3439 promiscuo
1348 3364 1424 3410 ae
1464 3332 1660 3434 ψιλῷ*
1693 3333 2020 3408 sumendo
2049 3331 2193 3404 fieri
2241 3355 2361 3402 vo-

261 3442 422 3526 luit,
471 3442 579 3512 sed
609 3441 968 3534 augustiori
998 3467 1075 3512 re
1101 3437 1422 3525 adiunaa,
1464 3442 1787 3532 sanguine
1816 3429 1885 3507 et
1912 3457 2205 3534 corpore
2220 3423 2361 3504 Do·

264 3546 425 3612 mini
456 3539 657 3616 nostri
688 3543 829 3616 Iesu
844 3535 1128 3629 Christi,
1189 3568 1313 3640 per
1342 3564 1549 3640 quem
1577 3540 1683 3610 iila
1710 3539 1899 3610 venia
1924 3551 2362 3635 peccatorum

263 3659 336 3713 et
366 3643 507 3739 spes
536 3643 754 3716 salutis
780 3645 1296 3744 aeternaeparta
1325 3639 1435 3720 est.
1542 3639 1808 3727 Quibus
1837 3635 2361 3730 cogitationibus

261 3768 343 3815 ac
373 3737 655 3815 sensibus
679 3746 913 3841 plenus
939 3751 1009 3820 in
1044 3743 1427 3844 accipiendo
1457 3747 1748 3826 animus,
1805 3740 2026 3813 salutis
2052 3737 2360 3839 cupidus,

257 3841 542 3919 mirifice
567 3837 999 3921 confirmetur
1025 3845 1281 3921 necefl'e
1309 3843 1433 3930 est,
1478 3861 1552 3916 et
1577 3867 1697 3943 per
1735 3844 1912 3916 banc
1941 3841 2141 3941 ipsam
2193 3862 2354 3910 eon-

251 3948 711 4023 flrmationem
749 3950 1086 4048 expleatur
1123 3949 1580 4024 consolatione
1638 3963 1709 4018 et
1750 3945 1999 4016 laetitia
2034 3935 2357 4014 verissima

248 4076 337 4127 ac
360 4044 741 4123 dulciffima.
836 4054 1011 4124 'Hac
1033 4071 1253 4155 ‘porro
1297 4045 1671 4225 {eflectum
1696 4048 1954 4122 animus
1980 4041 2075 4146 ‚ad
2089 4043 2378 4214 gossisss
2433 4069 2446 4084 “

264 4160 281 4198 ε
1352 4153 1434 4241 ’4
1979 4203 1988 4208 Α
2149 4163 2355 4214 onem
