2949 5023
584 347 740 442 556
1016 366 1113 415 mr
1172 362 1574 414 νιετιαιιε
1626 339 2231 415 rnovmzn‘nau
2307 437 2314 452 ·

593 526 811 602 filium
841 524 1181 620 heredem,
1205 529 1589 621 Principem
1618 521 2131 612 Sereniffimum,
2176 543 2332 597 cum
2367 521 2710 599 celsissima

595 617 907 721 coniuge,
959 645 1028 701 et
1055 625 1283 701 sobole
1313 626 1662 713 celfiffima,
1714 645 2067 728 totamque
2093 629 2367 721 Regiam
2396 630 2706 700 Domum

594 738 858 833 potenti
891 746 960 801 et
990 747 1308 831 perpetua
1338 733 1563 816 tutela,
1579 735 1651 802 et
1680 730 1928 828 prolixa
1956 728 2373 823 benignitate
2402 732 2708 829 comple-

597 832 835 918 ἕξεων,
866 830 1233 930 deletisque
1276 831 1590 904 omnibus
1637 833 1985 932 superioris
2016 834 2342 931 temporis
2373 832 2706 932 malorum

598 932 921 1028 vestigiiS,
994 933 1290 1006 secundis
1349 932 1552 1006 rebus
1611 930 1923 1007 omnibus
1974 930 2494 1015 florentiffimam
2555 933 2702 1005 red·

500 1057 507 1064 '
602 1036 747 1110 dat:
792 1052 957 1121 tum,
1005 1051 1078 1106 vt
1120 1031 1576 1107 illustrissimos
1616 1032 1956 1135 potestatis
1994 1038 2221 1129 regiae
2267 1031 2702 1120 administros,

474 1225 475 1230 ἵ
600 1134 755 1239 post
781 1133 1115 1207 exhaustas
1144 1152 1251 1208 tot
1282 1161 1360 1207 ac
1387 1151 1607 1208 tantas
1640 1141 1815 1210 inter
1844 1135 2005 1213 belli
2050 1136 2218 1210 mala
2245 1162 2429 1208 curas
2453 1153 2526 1209 et
2556 1164 2701 1209 mo·

548 1325 553 1332 ‚
603 1236 836 1326 lestias,
866 1241 994 1310 vita
1022 1237 1236 1330 longa,
1250 1238 1622 1335 tranquilla,
1638 1257 1707 1312 et
1736 1241 1919 1312 omni
1952 1263 2026 1309 ex
2039 1254 2229 1337 parte
2244 1239 2441 1322 felici,
2469 1238 2704 1311 exhila-

604 1358 729 1426 ret,
759 1340 836 1410 iis
866 1333 1152 1428 confilia,
1165 1336 1526 1411 veriffimae
1540 1363 1777 1413 eorum
1793 1339 1968 1412 bene
1989 1344 2234 1412 Patriae
2259 1338 2458 1414 rebus
2473 1341 2704 1412 consu-

604 1438 785 1518 lendi
804 1440 1131 1512 voluntati
1152 1444 1357 1539 paria,
1388 1439 1810 1540 consiliisque
1837 1443 2108 1539 optimis
2173 1441 2352 1518 arem
2383 1461 2702 1526 ,euentum

604 1558 891 1625 annuat3
933 1541 1224 1638 denique
1269 1559 1341 1616 vt
1380 1559 1619 1634 totam,
1664 1568 1819 1615 cum
1866 1545 1992 1616 hac
2019 1465 2224 1629 Vrbe,
2267 1546 2548 1616 Patriam
2580 1545 2702 1616 hac

603 1645 788 1746 pacis
819 1645 1310 1740 tranquillitate,
1339 1646 1468 1742 pie,
1496 1642 1819 1741 sapienter
1847 1661 1916 1715 et
1944 1641 2285 1716 diutiffime
2309 1643 2436 1717 frui
2474 1642 2654 1719 {inat-

646 1807 651 1816 .
751 1746 1115 1817 Enimuero
1146 1770 1224 1815 ea
1252 1762 1410 1838 vota
1422 1744 1737 1818 faciemus
1764 1748 1961 1819 etiam
1992 1742 2410 1831 efficacius,fi
2442 1745 2706 1819 addide-

602 1847 815 1923 rimus
856 1844 1165 1946 sacrificia
1209 1845 1795 1942 eleemosynarum,
1846 1846 2043 1940 digna
2083 1866 2151 1921 et
2183 1845 2344 1920 boni
2379 1846 2705 1921 diuinitus

605 1949 862 2046 accepti
890 1962 958 2019 et
994 1948 1275 2019 laetitiae
1306 1943 1561 2020 nostrae
1589 1947 2076 2043 magnitudine:
2119 1949 2502 2046 praesertim
2542 1947 2706 2024 cum

609 2045 1014 2121 destinentur
1030 2045 1315 2121 Vrbibu's
1350 2051 1444 2136 iis,
1461 2074 1626 2147 quae
1653 2066 2006 2149 tantopere
2035 2047 2335 2124 adflistae
2366 2051 2510 2124 sunt
2539 2052 2702 2124 belli

605 2153 671 2222 vi
710 2164 779 2219 et
803 2150 1031 2238 ruinis,
1060 2164 1131 2220 vt
1160 2146 1376 2225 nostra
1406 2174 1558 2222 cum
1585 2153 1662 2223 iis
1693 2169 2087 2251 comparata,
2129 2156 2327 2226 etiam
2376 2150 2585 2226 libera
2616 2153 2702 2226 ab

604 2252 797 2324 omni
831 2249 983 2323 belli
1011 2253 1250 2326 iniuria
1273 2249 1799 2341 fuiss'evideatur;
1827 2256 1897 2325 in
1926 2256 2026 2327 his
2054 2257 2350 2353 primum
2383 2255 2702 2340 Dresdae,

604 2377 646 2423 e
671 2379 799 2450 qua
825 2356 1356 2452 quotusquisque
1386 2349 1704 2440 nostrum,
1724 2358 1942 2442 Ciues,
1975 2380 2113 2427 non
2142 2355 2258 2428 aut
2289 2362 2698 2458 accepitaut

602 2454 825 2555 sperat
854 2454 1159 2530 fortunas
1191 2451 1364 2542 suas3
1394 2455 1635 2529 deinde
1664 2455 2073 2551 Vitebergae,
2108 2455 2540 2533 Ecclefiarum
2573 2485 2697 2532 no-

601 2554 882 2630 strarum
912 2561 1134 2647 Matri,
1163 2585 1199 2630 a
1228 2583 1358 2656 qua
1382 2560 1597 2657 prima
1627 2556 2050 2633 certiffimum
2082 2557 2504 2654 benignitatis
2536 2560 2699 2633 diui·

600 2683 734 2731 nae
760 2676 831 2733 et
856 2659 1174 2732 felicitatis
1199 2661 1346 2733 suae
1361 2663 1606 2760 pignus
1635 2665 1892 2758 accepit
1912 2664 2119 2734 Patria
2145 2659 2363 2734 nostra
2378 2694 2398 2748 ς
2432 2668 2503 2735 in
2534 2688 2698 2762 quas

489 2838 495 2849 ,
602 2759 775 2832 adeo
807 2763 988 2834 nulla
1023 2762 1167 2833 satis
1218 2787 1455 2856 magna
1502 2760 1856 2847 liberalitas
1886 2762 2093 2836 videri
2123 2758 2363 2861 potest.
2466 2777 2700 2863 ltaque

599 2884 840 2933 omnes
853 2864 967 2934 hic
982 2864 1081 2935 vel
1097 2867 1425 2962 temporis
1438 2863 1951 2938 velneceffitatis
1970 2861 2227 2937 nostrae
2240 2865 2702 2939 excusationes

595 2963 871 3059 penitus
899 2963 1182 3033 exclusas
1213 2981 1550 3062 putemus,
1581 2966 1949 3062 demusque
1979 2972 2085 3048 ita,
2097 2982 2172 3041 vt
2197 2984 2268 3039 et
2295 2966 2533 3065 sentire
2550 2967 2695 3068 pos·

596 3057 741 3146 fint,
768 3065 883 3159 qui
911 3066 1255 3159 accipient,
1274 3081 1346 3137 et
1377 3081 1647 3139 nosmet
1670 3066 1787 3166 ipsi
1819 3067 2182 3152 sentiamus,
2209 3070 2321 3168 qui
2351 3066 2694 3149 dedimus;

595 3165 850 3239 memin
859 3164 1253 3261 erimusque,
1270 3192 1414 3239 eam
1432 3163 1558 3238 esse
1573 3174 1722 3255 Deo
1752 3168 2173 3263 gratissimam
2203 3168 2684 3255 liberalitatem,

595 3289 767 3369 quae
796 3264 1318 3367 temporibus-et
1347 3268 1542 3342 rebus
1564 3267 1853 3364 angustis
1880 3272 1969 3369 ita
1997 3270 2211 3353 fiatvt
2236 3274 2686 3371 poenitentiae

595 3382 667 3436 et
695 3365 1094 3443 minuendae
1118 3366 1496 3467 cupiditatis
1529 3376 2065 3453 exercitationem
2098 3370 2357 3458 habeat,
2388 3400 2507 3475 qua
2529 3373 2690 3446 nul·

589 3467 737 3559 lum
765 3469 843 3539 ad
874 3486 1181 3568 tempora
1210 3471 1430 3547 futura
1458 3469 1634 3544 bene
1664 3471 2060 3569 traducenda
2089 3470 2352 3548 vberius
2379 3503 2456 3551 ac
2478 3478 2695 3571 magis

590 3565 1021 3646 necess‘arium
1050 3574 1263 3648 veluti
1289 3576 1601 3651 viaticum
1630 3574 1986 3649 existimare
2012 3574 2352 3651 debemus.

1203 3932 2036 3982 m 0Q--e

2550 4190 2688 4268 DS
